3316 5200
755 461 965 524 ..70-

270 645 450 731 spondent
480 645 556 710 vini
586 643 761 710 ministris
792 643 990 710 hominum.
1042 643 1115 712 Sed
1147 644 1228 711 aliis
1259 644 1331 712 illis
1363 644 1456 728 deis,

270 755 410 838 Cerere,
439 753 615 836 Minerva,
646 753 767 820 Diana
788 755 1079 822 ministrantibus
1109 754 1207 822 idem
1238 774 1458 842 expressum

269 885 357 949 esse,
378 866 477 953 quod
489 863 744 950 Furtwangler
757 864 842 931 huic
859 864 1097 952 Proserpinae
1113 867 1247 949 statuit,
1263 886 1329 952 pro
1353 869 1453 933 corto

268 977 395 1045 habeo.

354 1087 457 1155 Idem
480 1087 774 1171 cognoscendum
805 1092 859 1154 est
888 1088 993 1156 iniis
1026 1108 1169 1175 quoque
1195 1090 1452 1173 monumentis

269 1201 334 1267 ubi
359 1199 449 1266 dous
475 1202 641 1286 pateram
666 1201 791 1266 tenens
817 1201 948 1280 exstat,
980 1199 1046 1266 sed
1069 1199 1170 1266 deest
1191 1200 1237 1282 is,
1260 1201 1324 1286 qui
1344 1201 1453 1266 mini-

270 1313 373 1391 strat,
396 1309 436 1375 id
458 1308 557 1395 quod
581 1309 714 1395 optime
737 1308 1008 1376 demonstratur
1023 1313 1161 1376 cratere
1177 1310 1299 1376 rubris
1322 1310 1452 1395 figuris

270 1421 421 1507 depicto.
431 1421 453 1502 ¹)
497 1419 596 1486 Nam
622 1418 693 1486 hoc
717 1419 797 1487 loco
820 1420 926 1487 fictus
950 1423 1005 1488 est
1026 1419 1217 1502 Hercules,
1251 1423 1314 1507 qui
1337 1441 1360 1487 a
1381 1420 1453 1488 Mi-

269 1551 383 1600 nerva
405 1535 440 1597 et
453 1530 635 1597 Mercurio
657 1531 695 1597 in
716 1529 913 1616 Olympum
936 1532 1066 1598 ductus
1088 1531 1113 1598 J
1115 1551 1220 1598 ovem
1243 1531 1451 1618 alloquitur,

268 1643 331 1729 qui
357 1641 467 1728 pallio
494 1641 657 1723 indutus,
689 1642 727 1708 in
757 1640 928 1728 locupleti
959 1642 1049 1708 solio
1078 1642 1274 1709 collocatus
1303 1643 1454 1709 sinistra

267 1773 380 1820 manu
403 1755 544 1838 sceptro
571 1752 697 1819 nititur
723 1756 758 1819 et
780 1753 909 1819 dextra
935 1756 1101 1839 pateram
1121 1756 1231 1834 tenet3
1262 1757 1345 1839 post
1366 1773 1453 1820 eum

268 1864 400 1950 Apollo
432 1863 573 1930 cithara
604 1865 710 1940 canit.
759 1863 929 1930 Dubitari
958 1883 1032 1929 non
1059 1867 1190 1950 potest,
1218 1864 1307 1950 quin
1332 1882 1452 1950 neque

268 1975 476 2041 convivium
493 1973 727 2059 cogitandum
749 1975 795 2040 sit
810 1993 926 2060 neque
940 1974 1084 2060 Jupiter
1102 1973 1314 2042 libationem
1337 1975 1452 2041 effun-

268 2087 342 2153 dat.
395 2084 469 2155 Sed
498 2085 578 2151 vult
607 2085 723 2172 pictor
753 2087 880 2171 patera
915 2084 1041 2152 addita
1071 2084 1288 2170 significare,
1318 2086 1452 2152 Jovem

268 2215 430 2282 poscere,
458 2199 499 2261 ut
525 2195 596 2262 sibi
617 2197 801 2262 veneratio
823 2194 902 2277 fiat,
934 2194 973 2261 id
995 2195 1094 2281 quod
1116 2195 1186 2261 hoc
1212 2195 1293 2262 loco
1317 2196 1453 2283 optimo

267 2308 434 2393 quadrat,
457 2307 671 2393 praesertim
694 2325 777 2372 cum
793 2304 969 2372 Hercules
991 2306 1083 2373 Jove
1105 2305 1249 2373 favente
1271 2308 1310 2373 in
1325 2307 1451 2393 Olym-

267 2438 355 2505 pum
378 2421 548 2504 exceptus
571 2416 625 2483 sit.
649 2451 691 2462 -

353 2527 518 2595 Plurima
548 2531 632 2594 sunt
662 2546 706 2595 ea
735 2530 984 2609 monumenta,
1022 2548 1115 2614 quae
1153 2528 1225 2596 huc
1255 2530 1450 2615 pertinent3

268 2659 362 2726 quae
393 2640 425 2706 si
455 2639 578 2706 omnia
613 2641 873 2724 pertractarem
903 2638 1012 2705 latius
1050 2638 1329 2724 digrediendum
1358 2639 1452 2707 mihi

267 2754 370 2818 esset.
395 2785 435 2796 -

266 3189 309 3255 O.
336 3188 396 3254 De
423 3185 699 3265 libationibus,
727 3202 829 3266 quas
852 3185 1081 3253 offerebant
1099 3184 1246 3252 Graeci
1272 3185 1448 3253 mortuis

721 3317 762 3381 et
788 3312 993 3381 heroibus.

354 3492 532 3560 Omnibus
558 3491 602 3557 iis
629 3492 739 3558 rebus
766 3491 944 3574 tractatis,
976 3510 1069 3577 quae
1097 3493 1261 3576 spectant
1286 3490 1335 3557 ad
1356 3489 1448 3558 liba·

266 3604 382 3672 tiones
406 3604 475 3671 diis
499 3602 651 3685 oblatas,
677 3605 803 3684 restat,
826 3604 866 3668 ut
889 3601 1010 3668 dicam
1036 3601 1080 3667 de
1107 3603 1335 3668 mortuorum
1357 3601 1449 3669 liba·

266 3716 435 3783 tionibus.
481 3713 629 3780 Cultum
659 3732 799 3795 eorum,
831 3713 895 3799 qui
925 3712 970 3780 de
1002 3713 1077 3778 vita
1098 3712 1343 3790 decesserunt,
1374 3713 1449 3779 iam

267 3825 560 3913 antiquissimum
590 3823 711 3905 fuisse,
742 3843 816 3889 non
847 3827 901 3890 est
931 3822 1030 3910 quod
1057 3822 1311 3890 demonstrem.
1357 3821 1450 3892 Sunt

265 3939 386 4020 etiam,
403 3937 467 4023 qui
480 3938 616 4022 putent,
632 3954 715 4001 eum
725 3935 967 4020 antiquiorem
976 3951 1054 4001 esse
1070 3933 1448 4019 deorumreligione32)

267 4069 342 4136 qua
364 4048 410 4116 de
431 4067 471 4114 re
498 4047 703 4114 accuratius
730 4045 912 4131 inquirere
935 4063 1246 4130 supervacaneum
1274 4047 1341 4127 est,
1364 4064 1450 4112 cum

358 4254 377 4320 ¹)
395 4251 466 4305 Mon.
486 4250 547 4304 dell.
567 4249 633 4303 lust.
652 4249 697 4303 lX.
716 4249 755 4303 tb.
776 4250 816 4303 19.

353 4349 374 4412 ²)
393 4345 497 4412 Quibus
515 4346 547 4399 de
565 4345 644 4398 rebus
667 4344 771 4412 egregie
795 4343 942 4413 disputavit
963 4343 992 4396 Ε.
1015 4343 1108 4398 Rohde
1132 4343 1278 4411 „Psyohe“.
1315 4343 1352 4399 Cf.
1372 4343 1450 4397 Furt

266 4434 395 4504 wingler:
412 4431 519 4487 llinleit.
538 4447 559 4482 1.
579 4429 686 4482 Samml.
707 4426 848 4482 Sabonoff
863 4446 888 4498 p.
908 4429 948 4482 16.
