<?xml version="1.0" encoding="UTF-8"?>
<!DOCTYPE html PUBLIC "-//W3C//DTD XHTML 1.0 Transitional//EN"
    "http://www.w3.org/TR/xhtml1/DTD/xhtml1-transitional.dtd">
<html xmlns="http://www.w3.org/1999/xhtml" xml:lang="en" lang="en">
 <head>
  <title>
</title>
<meta http-equiv="Content-Type" content="text/html;charset=utf-8" />
  <meta name='ocr-system' content='tesseract 3.04.00' />
  <meta name='ocr-capabilities' content='ocr_page ocr_carea ocr_par ocr_line ocrx_word'/>
</head>
<body>
  <div class='ocr_page' id='page_1' title='image "./delibationevete00fritgoog_0014.png"; bbox 0 0 3316 5200; ppageno 0'>
   <div class='ocr_carea' id='block_1_1' title="bbox 747 431 937 490">
    <p class='ocr_par' dir='ltr' id='par_1_1' title="bbox 747 431 937 490">
     <span class='ocr_line' id='line_1_1' title="bbox 747 431 937 490; baseline 0.011 -20"><span class='ocrx_word' id='word_1_1' title='bbox 747 431 937 490; x_wconf 79' lang='lat'>..7-</span> 
     </span>
    </p>
   </div>
   <div class='ocr_carea' id='block_1_2' title="bbox 241 609 1432 1476">
    <p class='ocr_par' dir='ltr' id='par_1_2' title="bbox 241 609 1432 1476">
     <span class='ocr_line' id='line_1_2' title="bbox 242 609 1431 700; baseline 0.003 -22"><span class='ocrx_word' id='word_1_2' title='bbox 242 609 341 678; x_wconf 89' lang='lat' dir='ltr'>Nam</span> <span class='ocrx_word' id='word_1_3' title='bbox 371 610 473 677; x_wconf 87' lang='lat' dir='ltr'>iliam</span> <span class='ocrx_word' id='word_1_4' title='bbox 494 609 672 693; x_wconf 85' lang='lat' dir='ltr'>fabulam,</span> <span class='ocrx_word' id='word_1_5' title='bbox 705 632 817 699; x_wconf 87' lang='lat' dir='ltr'>quam</span> <span class='ocrx_word' id='word_1_6' title='bbox 840 616 957 700; x_wconf 84' lang='lat' dir='ltr'>tangit</span> <span class='ocrx_word' id='word_1_7' title='bbox 981 614 1223 681; x_wconf 75' lang='lat' dir='ltr'><strong>Philostratus</strong></span> <span class='ocrx_word' id='word_1_8' title='bbox 1247 635 1290 680; x_wconf 86' lang='lat' dir='ltr'>ae</span> <span class='ocrx_word' id='word_1_9' title='bbox 1317 615 1431 700; x_wconf 88' lang='lat' dir='ltr'>pluri-</span> 
     </span>
     <span class='ocr_line' id='line_1_3' title="bbox 242 723 1429 812; baseline 0.003 -22"><span class='ocrx_word' id='word_1_10' title='bbox 242 723 311 790; x_wconf 91' lang='lat' dir='ltr'>bus</span> <span class='ocrx_word' id='word_1_11' title='bbox 344 723 465 790; x_wconf 90' lang='lat' dir='ltr'>verbis</span> <span class='ocrx_word' id='word_1_12' title='bbox 487 726 613 791; x_wconf 89' lang='lat' dir='ltr'>narrat</span> <span class='ocrx_word' id='word_1_13' title='bbox 636 724 835 808; x_wconf 83' lang='lat' dir='ltr'>Diodorus,</span> <span class='ocrx_word' id='word_1_14' title='bbox 866 728 992 812; x_wconf 86' lang='lat' dir='ltr'>postea</span> <span class='ocrx_word' id='word_1_15' title='bbox 1013 726 1136 793; x_wconf 81' lang='lat' dir='ltr'>flotam</span> <span class='ocrx_word' id='word_1_16' title='bbox 1160 746 1238 793; x_wconf 92' lang='lat' dir='ltr'>esse</span> <span class='ocrx_word' id='word_1_17' title='bbox 1261 726 1429 794; x_wconf 82' lang='lat' dir='ltr'>adhunc</span> 
     </span>
     <span class='ocr_line' id='line_1_4' title="bbox 243 832 1429 923; baseline 0.003 -23"><span class='ocrx_word' id='word_1_18' title='bbox 243 853 353 900; x_wconf 85' lang='lat' dir='ltr'>usum</span> <span class='ocrx_word' id='word_1_19' title='bbox 388 834 720 920; x_wconf 83' lang='lat' dir='ltr'>interpretandum,</span> <span class='ocrx_word' id='word_1_20' title='bbox 764 856 872 922; x_wconf 86' lang='lat' dir='ltr'>quem</span> <span class='ocrx_word' id='word_1_21' title='bbox 909 857 983 902; x_wconf 89' lang='lat' dir='ltr'>non</span> <span class='ocrx_word' id='word_1_22' title='bbox 1020 832 1276 904; x_wconf 81' lang='lat' dir='ltr'>intellexerunt</span> <span class='ocrx_word' id='word_1_23' title='bbox 1311 840 1429 923; x_wconf 91' lang='lat' dir='ltr'>poste-</span> 
     </span>
     <span class='ocr_line' id='line_1_5' title="bbox 243 947 1430 1031; baseline 0.001 -18"><span class='ocrx_word' id='word_1_24' title='bbox 243 947 376 1028; x_wconf 80' lang='lat' dir='ltr'>rioreS,</span> <span class='ocrx_word' id='word_1_25' title='bbox 408 965 514 1012; x_wconf 89' lang='lat' dir='ltr'>nemo</span> <span class='ocrx_word' id='word_1_26' title='bbox 545 947 738 1031; x_wconf 80' lang='lat' dir='ltr'>negabit.¹)</span> <span class='ocrx_word' id='word_1_27' title='bbox 791 947 975 1014; x_wconf 88' lang='lat' dir='ltr'>Diodorus</span> <span class='ocrx_word' id='word_1_28' title='bbox 1006 947 1098 1015; x_wconf 84' lang='lat' dir='ltr'>haee</span> <span class='ocrx_word' id='word_1_29' title='bbox 1129 948 1239 1015; x_wconf 77' lang='lat' dir='ltr'><strong>refert</strong></span> <span class='ocrx_word' id='word_1_30' title='bbox 1271 947 1328 1031; x_wconf 89' lang='lat' dir='ltr'>(V,</span> <span class='ocrx_word' id='word_1_31' title='bbox 1361 950 1430 1029; x_wconf 84' lang='lat'>56):</span> 
     </span>
     <span class='ocr_line' id='line_1_6' title="bbox 241 1043 1430 1142; baseline 0.002 -24"><span class='ocrx_word' id='word_1_32' title='bbox 241 1043 464 1139; x_wconf 75' lang='grc' dir='ltr'><em>Ἀνδριοδεῖσι</em></span> <span class='ocrx_word' id='word_1_33' title='bbox 495 1054 531 1119; x_wconf 79' lang='grc' dir='ltr'>δὲ</span> <span class='ocrx_word' id='word_1_34' title='bbox 561 1059 631 1132; x_wconf 80' lang='grc' dir='ltr'><em>τοῖς</em></span> <span class='ocrx_word' id='word_1_35' title='bbox 650 1045 830 1134; x_wconf 81' lang='grc' dir='ltr'><em>Ἡλιάδαις</em></span> <span class='ocrx_word' id='word_1_36' title='bbox 860 1053 967 1122; x_wconf 76' lang='grc' dir='ltr'><em>εἰπεῖν</em></span> <span class='ocrx_word' id='word_1_37' title='bbox 1001 1053 1057 1122; x_wconf 86' lang='grc' dir='ltr'>τὸν</span> <span class='ocrx_word' id='word_1_38' title='bbox 1081 1048 1200 1122; x_wconf 87' lang='grc' dir='ltr'><em>Ἥλιον</em></span> <span class='ocrx_word' id='word_1_39' title='bbox 1232 1047 1311 1142; x_wconf 82' lang='grc' dir='ltr'><em>[δτι]</em></span> <span class='ocrx_word' id='word_1_40' title='bbox 1344 1057 1430 1123; x_wconf 82' lang='grc' dir='ltr'><em>οἵτι-</em></span> 
     </span>
     <span class='ocr_line' id='line_1_7' title="bbox 243 1156 1432 1254; baseline 0.002 -25"><span class='ocrx_word' id='word_1_41' title='bbox 243 1189 292 1242; x_wconf 82' lang='grc' dir='ltr'>νες</span> <span class='ocrx_word' id='word_1_42' title='bbox 327 1167 366 1253; x_wconf 72' lang='grc' dir='ltr'>τῇ</span> <span class='ocrx_word' id='word_1_43' title='bbox 396 1156 529 1253; x_wconf 75' lang='grc' dir='ltr'><em>Ἀθηνᾷ</em></span> <span class='ocrx_word' id='word_1_44' title='bbox 567 1157 700 1230; x_wconf 76' lang='grc' dir='ltr'><em>θόσωσι</em></span> <span class='ocrx_word' id='word_1_45' title='bbox 739 1169 884 1250; x_wconf 78' lang='grc' dir='ltr'><em>πρῶτοι,</em></span> <span class='ocrx_word' id='word_1_46' title='bbox 930 1156 1013 1251; x_wconf 72' lang='grc' dir='ltr'><em>παρ’</em></span> <span class='ocrx_word' id='word_1_47' title='bbox 1054 1162 1183 1245; x_wconf 73' lang='grc' dir='ltr'><em>ἑαυτοῖς</em></span> <span class='ocrx_word' id='word_1_48' title='bbox 1221 1165 1329 1246; x_wconf 73' lang='grc' dir='ltr'><em>ἕξουσι</em></span> <span class='ocrx_word' id='word_1_49' title='bbox 1372 1164 1432 1254; x_wconf 61' lang='grc' dir='ltr'>τὴν</span> 
     </span>
     <span class='ocr_line' id='line_1_8' title="bbox 242 1266 1431 1365; baseline -0.001 -23"><span class='ocrx_word' id='word_1_50' title='bbox 242 1271 335 1342; x_wconf 71' lang='grc' dir='ltr'><em>θεόν·</em></span> <span class='ocrx_word' id='word_1_51' title='bbox 364 1272 401 1342; x_wconf 86' lang='grc' dir='ltr'>τό</span> <span class='ocrx_word' id='word_1_52' title='bbox 425 1267 452 1342; x_wconf 83' lang='grc' dir='ltr'><em>δ</em></span> <span class='ocrx_word' id='word_1_53' title='bbox 478 1266 562 1344; x_wconf 78' lang='grc' dir='ltr'><em>αότδ</em></span> <span class='ocrx_word' id='word_1_54' title='bbox 584 1277 791 1364; x_wconf 75' lang='grc' dir='ltr'><em>διασαφῆναι</em></span> <span class='ocrx_word' id='word_1_55' title='bbox 818 1275 946 1362; x_wconf 81' lang='grc' dir='ltr'><em>λέγεται</em></span> <span class='ocrx_word' id='word_1_56' title='bbox 972 1281 1042 1355; x_wconf 81' lang='grc' dir='ltr'><em>τοῖς</em></span> <span class='ocrx_word' id='word_1_57' title='bbox 1063 1273 1122 1365; x_wconf 81' lang='grc' dir='ltr'>τὴν</span> <span class='ocrx_word' id='word_1_58' title='bbox 1143 1267 1295 1364; x_wconf 71' lang='grc' dir='ltr'><em>Ἀττικὴν</em></span> <span class='ocrx_word' id='word_1_59' title='bbox 1316 1301 1431 1343; x_wconf 92' lang='grc' dir='ltr'>κατοι-Ι</span> 
     </span>
     <span class='ocr_line' id='line_1_9' title="bbox 242 1379 1431 1476; baseline 0.002 -24"><span class='ocrx_word' id='word_1_60' title='bbox 242 1387 347 1453; x_wconf 71' lang='grc' dir='ltr'><em>κοδσι.</em></span> <span class='ocrx_word' id='word_1_61' title='bbox 371 1383 424 1453; x_wconf 88' lang='grc' dir='ltr'>διδ</span> <span class='ocrx_word' id='word_1_62' title='bbox 451 1384 511 1452; x_wconf 94' lang='grc' dir='ltr'>καί</span> <span class='ocrx_word' id='word_1_63' title='bbox 532 1408 618 1475; x_wconf 83' lang='grc' dir='ltr'><em>φασι</em></span> <span class='ocrx_word' id='word_1_64' title='bbox 640 1382 715 1465; x_wconf 81' lang='grc' dir='ltr'><em>τοδς</em></span> <span class='ocrx_word' id='word_1_65' title='bbox 741 1386 799 1470; x_wconf 77' lang='grc' dir='ltr'>μὲν</span> <span class='ocrx_word' id='word_1_66' title='bbox 818 1379 982 1466; x_wconf 77' lang='grc' dir='ltr'><em>Ἡλιάδας</em></span> <span class='ocrx_word' id='word_1_67' title='bbox 1008 1383 1065 1453; x_wconf 83' lang='grc' dir='ltr'>διδ</span> <span class='ocrx_word' id='word_1_68' title='bbox 1092 1384 1152 1476; x_wconf 76' lang='grc' dir='ltr'>τὴν</span> <span class='ocrx_word' id='word_1_69' title='bbox 1179 1383 1338 1476; x_wconf 75' lang='grc' dir='ltr'><em>σπουδὴν-</em></span> <span class='ocrx_word' id='word_1_70' title='bbox 1353 1387 1431 1454; x_wconf 79' lang='grc' dir='ltr'><em>ἑπι-</em></span> 
     </span>
    </p>
   </div>
   <div class='ocr_carea' id='block_1_3' title="bbox 244 1493 1528 1584">
    <p class='ocr_par' dir='ltr' id='par_1_3' title="bbox 244 1493 1528 1584">
     <span class='ocr_line' id='line_1_10' title="bbox 244 1493 1528 1584; baseline 0.002 -22"><span class='ocrx_word' id='word_1_71' title='bbox 244 1499 449 1582; x_wconf 75' lang='grc' dir='ltr'><em>λαθομὲνοος</em></span> <span class='ocrx_word' id='word_1_72' title='bbox 471 1497 608 1584; x_wconf 75' lang='grc' dir='ltr'><em>ἐνεγκεῖν</em></span> <span class='ocrx_word' id='word_1_73' title='bbox 629 1500 695 1583; x_wconf 76' lang='grc' dir='ltr'>πῦρ</span> <span class='ocrx_word' id='word_1_74' title='bbox 717 1505 775 1563; x_wconf 85' lang='grc' dir='ltr'>καὶ</span> <span class='ocrx_word' id='word_1_75' title='bbox 797 1497 973 1563; x_wconf 75' lang='grc' dir='ltr'><em>ἐπιθεῖναι</em></span> <span class='ocrx_word' id='word_1_76' title='bbox 988 1493 1062 1565; x_wconf 87' lang='grc' dir='ltr'><em>τότε</em></span> <span class='ocrx_word' id='word_1_77' title='bbox 1083 1495 1125 1565; x_wconf 85' lang='grc' dir='ltr'>τδ</span> <span class='ocrx_word' id='word_1_78' title='bbox 1145 1495 1293 1582; x_wconf 74' lang='grc' dir='ltr'><em>δόματα.</em></span> <span class='ocrx_word' id='word_1_79' title='bbox 1316 1495 1373 1564; x_wconf 85' lang='grc' dir='ltr'>τόν</span> <span class='ocrx_word' id='word_1_80' title='bbox 1395 1498 1431 1565; x_wconf 83' lang='grc' dir='ltr'>δὲ</span> <span class='ocrx_word' id='word_1_81' title='bbox 1526 1540 1528 1544; x_wconf 92' lang='grc'><strong>-</strong></span> 
     </span>
    </p>
   </div>
   <div class='ocr_carea' id='block_1_4' title="bbox 241 1601 1431 2474">
    <p class='ocr_par' dir='ltr' id='par_1_4' title="bbox 242 1601 1431 2144">
     <span class='ocr_line' id='line_1_11' title="bbox 242 1601 1430 1697; baseline 0.002 -22"><span class='ocrx_word' id='word_1_82' title='bbox 242 1605 460 1694; x_wconf 74' lang='grc' dir='ltr'><em>βασιλεύοντα</em></span> <span class='ocrx_word' id='word_1_83' title='bbox 492 1611 556 1673; x_wconf 83' lang='grc' dir='ltr'>τῶν</span> <span class='ocrx_word' id='word_1_84' title='bbox 583 1601 777 1697; x_wconf 76' lang='grc' dir='ltr'><em>Ἀθηναίων</em></span> <span class='ocrx_word' id='word_1_85' title='bbox 807 1607 967 1693; x_wconf 81' lang='grc' dir='ltr'><em>Κέκροπα</em></span> <span class='ocrx_word' id='word_1_86' title='bbox 1004 1608 1065 1675; x_wconf 78' lang='grc' dir='ltr'>ἐπὶ</span> <span class='ocrx_word' id='word_1_87' title='bbox 1095 1612 1154 1677; x_wconf 85' lang='grc' dir='ltr'>τοῦ</span> <span class='ocrx_word' id='word_1_88' title='bbox 1188 1605 1292 1696; x_wconf 83' lang='grc' dir='ltr'><em>πορδς</em></span> <span class='ocrx_word' id='word_1_89' title='bbox 1322 1611 1430 1677; x_wconf 74' lang='grc' dir='ltr'><em>θῖσαι</em></span> 
     </span>
     <span class='ocr_line' id='line_1_12' title="bbox 242 1713 1431 1810; baseline -0.001 -23"><span class='ocrx_word' id='word_1_90' title='bbox 242 1713 384 1807; x_wconf 66' lang='grc' dir='ltr'><em>ὕστερον.</em></span> <span class='ocrx_word' id='word_1_91' title='bbox 418 1714 533 1805; x_wconf 79' lang='grc' dir='ltr'><em>διόπερ</em></span> <span class='ocrx_word' id='word_1_92' title='bbox 563 1718 649 1806; x_wconf 81' lang='grc' dir='ltr'><em>φασί</em></span> <span class='ocrx_word' id='word_1_93' title='bbox 680 1717 845 1802; x_wconf 80' lang='grc' dir='ltr'><em>διαμένειν</em></span> <span class='ocrx_word' id='word_1_94' title='bbox 875 1719 968 1806; x_wconf 80' lang='grc' dir='ltr'><em>μέχρι</em></span> <span class='ocrx_word' id='word_1_95' title='bbox 1004 1723 1063 1787; x_wconf 82' lang='grc' dir='ltr'>τοῦ</span> <span class='ocrx_word' id='word_1_96' title='bbox 1093 1723 1147 1786; x_wconf 79' lang='grc' dir='ltr'>νῦν</span> <span class='ocrx_word' id='word_1_97' title='bbox 1178 1717 1216 1787; x_wconf 90' lang='grc' dir='ltr'>τδ</span> <span class='ocrx_word' id='word_1_98' title='bbox 1252 1717 1339 1786; x_wconf 87' lang='grc' dir='ltr'><em>κατδ</em></span> <span class='ocrx_word' id='word_1_99' title='bbox 1372 1719 1431 1810; x_wconf 64' lang='grc' dir='ltr'>τὴν</span> 
     </span>
     <span class='ocr_line' id='line_1_13' title="bbox 244 1821 1427 1920; baseline 0 -22"><span class='ocrx_word' id='word_1_100' title='bbox 244 1831 368 1899; x_wconf 71' lang='grc' dir='ltr'><em>θυσίαν</em></span> <span class='ocrx_word' id='word_1_101' title='bbox 389 1826 476 1897; x_wconf 78' lang='grc' dir='ltr'><em>λ’διον</em></span> <span class='ocrx_word' id='word_1_102' title='bbox 498 1829 531 1896; x_wconf 77' lang='grc' dir='ltr'>ἐν</span> <span class='ocrx_word' id='word_1_103' title='bbox 552 1832 594 1918; x_wconf 63' lang='grc' dir='ltr'>τῇ</span> <span class='ocrx_word' id='word_1_104' title='bbox 612 1821 711 1914; x_wconf 84' lang='grc' dir='ltr'><em>Ῥόδῳ</em></span> <span class='ocrx_word' id='word_1_105' title='bbox 738 1829 797 1896; x_wconf 88' lang='grc' dir='ltr'>καί</span> <span class='ocrx_word' id='word_1_106' title='bbox 823 1828 881 1917; x_wconf 66' lang='grc' dir='ltr'>τῆν</span> <span class='ocrx_word' id='word_1_107' title='bbox 906 1828 987 1897; x_wconf 76' lang='grc' dir='ltr'><em>θεδν</em></span> <span class='ocrx_word' id='word_1_108' title='bbox 1013 1831 1047 1896; x_wconf 81' lang='grc' dir='ltr'>ἐν</span> <span class='ocrx_word' id='word_1_109' title='bbox 1073 1823 1157 1920; x_wconf 73' lang='grc' dir='ltr'><em>αίτῇ</em></span> <span class='ocrx_word' id='word_1_110' title='bbox 1183 1834 1427 1916; x_wconf 75' lang='grc' dir='ltr'><em>καδιδρῦσδαι.</em></span> 
     </span>
     <span class='ocr_line' id='line_1_14' title="bbox 247 1944 1430 2032; baseline 0 -19"><span class='ocrx_word' id='word_1_111' title='bbox 247 1944 386 2026; x_wconf 80' lang='lat' dir='ltr'>Quibus</span> <span class='ocrx_word' id='word_1_112' title='bbox 409 1967 454 2014; x_wconf 83' lang='lat' dir='ltr'>ex</span> <span class='ocrx_word' id='word_1_113' title='bbox 476 1945 598 2012; x_wconf 88' lang='lat' dir='ltr'>verbis</span> <span class='ocrx_word' id='word_1_114' title='bbox 622 1947 785 2032; x_wconf 83' lang='lat' dir='ltr'>apparet,</span> <span class='ocrx_word' id='word_1_115' title='bbox 817 1966 857 2012; x_wconf 90' lang='lat' dir='ltr'>re</span> <span class='ocrx_word' id='word_1_116' title='bbox 885 1966 973 2013; x_wconf 89' lang='lat' dir='ltr'>vera</span> <span class='ocrx_word' id='word_1_117' title='bbox 1000 1946 1179 2013; x_wconf 77' lang='lat' dir='ltr'>exstitisse</span> <span class='ocrx_word' id='word_1_118' title='bbox 1206 1946 1295 2012; x_wconf 85' lang='lat' dir='ltr'>talia</span> <span class='ocrx_word' id='word_1_119' title='bbox 1317 1947 1430 2014; x_wconf 84' lang='lat' dir='ltr'>sacri-</span> 
     </span>
     <span class='ocr_line' id='line_1_15' title="bbox 244 2056 1159 2144; baseline 0 -20"><span class='ocrx_word' id='word_1_120' title='bbox 244 2057 337 2141; x_wconf 80' lang='lat' dir='ltr'>ficia,</span> <span class='ocrx_word' id='word_1_121' title='bbox 361 2056 409 2123; x_wconf 89' lang='lat' dir='ltr'>ad</span> <span class='ocrx_word' id='word_1_122' title='bbox 432 2077 525 2144; x_wconf 86' lang='lat' dir='ltr'>quae</span> <span class='ocrx_word' id='word_1_123' title='bbox 547 2056 821 2142; x_wconf 87' lang='lat' dir='ltr'>interpretanda</span> <span class='ocrx_word' id='word_1_124' title='bbox 842 2056 928 2124; x_wconf 87' lang='lat' dir='ltr'>fieta</span> <span class='ocrx_word' id='word_1_125' title='bbox 949 2061 1003 2124; x_wconf 89' lang='lat' dir='ltr'>est</span> <span class='ocrx_word' id='word_1_126' title='bbox 1024 2057 1159 2124; x_wconf 84' lang='lat' dir='ltr'>fabula.</span> 
     </span>
    </p>

    <p class='ocr_par' dir='ltr' id='par_1_5' title="bbox 241 2168 1430 2474">
     <span class='ocr_line' id='line_1_16' title="bbox 328 2168 1429 2255; baseline 0 -20"><span class='ocrx_word' id='word_1_127' title='bbox 328 2169 449 2255; x_wconf 83' lang='lat' dir='ltr'>Atque</span> <span class='ocrx_word' id='word_1_128' title='bbox 472 2168 577 2235; x_wconf 88' lang='lat' dir='ltr'>nobis</span> <span class='ocrx_word' id='word_1_129' title='bbox 599 2168 877 2253; x_wconf 71' lang='lat' dir='ltr'>inquirentibus</span> <span class='ocrx_word' id='word_1_130' title='bbox 901 2169 990 2254; x_wconf 87' lang='lat' dir='ltr'>quid</span> <span class='ocrx_word' id='word_1_131' title='bbox 1006 2169 1052 2235; x_wconf 88' lang='lat' dir='ltr'>sit</span> <span class='ocrx_word' id='word_1_132' title='bbox 1073 2169 1142 2235; x_wconf 90' lang='lat' dir='ltr'>diis</span> <span class='ocrx_word' id='word_1_133' title='bbox 1159 2168 1322 2235; x_wconf 85' lang='lat' dir='ltr'>oblatum</span> <span class='ocrx_word' id='word_1_134' title='bbox 1344 2169 1429 2252; x_wconf 81' lang='lat' dir='ltr'>igne</span> 
     </span>
     <span class='ocr_line' id='line_1_17' title="bbox 241 2272 1430 2362; baseline -0.007 -15"><span class='ocrx_word' id='word_1_135' title='bbox 241 2299 316 2347; x_wconf 95' lang='lat' dir='ltr'>non</span> <span class='ocrx_word' id='word_1_136' title='bbox 333 2279 453 2361; x_wconf 88' lang='lat' dir='ltr'>allato,</span> <span class='ocrx_word' id='word_1_137' title='bbox 477 2279 599 2344; x_wconf 88' lang='lat' dir='ltr'>statim</span> <span class='ocrx_word' id='word_1_138' title='bbox 619 2279 777 2346; x_wconf 79' lang='lat' dir='ltr'>occurrit</span> <span class='ocrx_word' id='word_1_139' title='bbox 792 2278 995 2345; x_wconf 78' lang='lat' dir='ltr'>Pausanias</span> <span class='ocrx_word' id='word_1_140' title='bbox 1012 2278 1126 2360; x_wconf 83' lang='lat' dir='ltr'>(VIII.</span> <span class='ocrx_word' id='word_1_141' title='bbox 1150 2283 1201 2345; x_wconf 76' lang='lat'>42.</span> <span class='ocrx_word' id='word_1_142' title='bbox 1227 2279 1273 2360; x_wconf 86' lang='lat'>5):</span> <span class='ocrx_word' id='word_1_143' title='bbox 1301 2272 1430 2362; x_wconf 77' lang='grc' dir='ltr'><em>Ταύτης</em></span> 
     </span>
     <span class='ocr_line' id='line_1_18' title="bbox 243 2377 1429 2474; baseline -0.001 -22"><span class='ocrx_word' id='word_1_144' title='bbox 243 2383 389 2472; x_wconf 80' lang='grc' dir='ltr'><em>μάλιστα</em></span> <span class='ocrx_word' id='word_1_145' title='bbox 412 2390 470 2472; x_wconf 76' lang='grc' dir='ltr'>τῆς</span> <span class='ocrx_word' id='word_1_146' title='bbox 485 2381 656 2474; x_wconf 77' lang='grc' dir='ltr'><em>Δήμητρος</em></span> <span class='ocrx_word' id='word_1_147' title='bbox 678 2384 770 2452; x_wconf 67' lang='grc' dir='ltr'><em>ἕνεκα</em></span> <span class='ocrx_word' id='word_1_148' title='bbox 792 2385 826 2462; x_wconf 73' lang='grc' dir='ltr'>ἐς</span> <span class='ocrx_word' id='word_1_149' title='bbox 853 2384 1017 2471; x_wconf 76' lang='grc' dir='ltr'><em>Φιγαλίαν</em></span> <span class='ocrx_word' id='word_1_150' title='bbox 1040 2377 1217 2474; x_wconf 68' lang='grc' dir='ltr'><em>ἀφικόμην,</em></span> <span class='ocrx_word' id='word_1_151' title='bbox 1240 2394 1299 2453; x_wconf 82' lang='grc' dir='ltr'>καὶ</span> <span class='ocrx_word' id='word_1_152' title='bbox 1322 2383 1429 2452; x_wconf 71' lang='grc' dir='ltr'><em>ἔθυσα</em></span> 
     </span>
    </p>
   </div>
   <div class='ocr_carea' id='block_1_5' title="bbox 242 2487 1428 2588">
    <p class='ocr_par' dir='ltr' id='par_1_6' title="bbox 242 2487 1428 2588">
     <span class='ocr_line' id='line_1_19' title="bbox 242 2487 1428 2588; baseline -0.001 -24"><span class='ocrx_word' id='word_1_153' title='bbox 242 2501 283 2588; x_wconf 71' lang='grc' dir='ltr'>τῇ</span> <span class='ocrx_word' id='word_1_154' title='bbox 305 2501 389 2584; x_wconf 73' lang='grc' dir='ltr'><em>θεῷ,</em></span> <span class='ocrx_word' id='word_1_155' title='bbox 418 2496 514 2562; x_wconf 68' lang='grc' dir='ltr'><em>καθὰ</em></span> <span class='ocrx_word' id='word_1_156' title='bbox 536 2495 596 2562; x_wconf 84' lang='grc' dir='ltr'>καί</span> <span class='ocrx_word' id='word_1_157' title='bbox 623 2494 654 2562; x_wconf 78' lang='grc' dir='ltr'>οἱ</span> <span class='ocrx_word' id='word_1_158' title='bbox 678 2492 851 2583; x_wconf 80' lang='grc' dir='ltr'><em>ἐπιχώριοι</em></span> <span class='ocrx_word' id='word_1_159' title='bbox 874 2494 1074 2580; x_wconf 81' lang='grc' dir='ltr'><em>νομίζουσιν,</em></span> <span class='ocrx_word' id='word_1_160' title='bbox 1098 2488 1204 2563; x_wconf 80' lang='grc' dir='ltr'><em>οίδίν·</em></span> <span class='ocrx_word' id='word_1_161' title='bbox 1233 2493 1275 2562; x_wconf 79' lang='grc' dir='ltr'>τοὶ</span> <span class='ocrx_word' id='word_1_162' title='bbox 1300 2496 1334 2563; x_wconf 80' lang='grc' dir='ltr'>δὲ</span> <span class='ocrx_word' id='word_1_163' title='bbox 1357 2487 1428 2563; x_wconf 59' lang='lat' dir='ltr'>aar*</span> 
     </span>
    </p>
   </div>
   <div class='ocr_carea' id='block_1_6' title="bbox 187 2598 1431 3808">
    <p class='ocr_par' dir='ltr' id='par_1_7' title="bbox 187 2598 1431 3808">
     <span class='ocr_line' id='line_1_20' title="bbox 242 2598 1430 2698; baseline -0.003 -22"><span class='ocrx_word' id='word_1_164' title='bbox 242 2613 306 2676; x_wconf 80' lang='grc' dir='ltr'>τῶν</span> <span class='ocrx_word' id='word_1_165' title='bbox 321 2609 459 2695; x_wconf 83' lang='grc' dir='ltr'><em>δένδρων</em></span> <span class='ocrx_word' id='word_1_166' title='bbox 473 2610 538 2674; x_wconf 83' lang='grc' dir='ltr'>τῶν</span> <span class='ocrx_word' id='word_1_167' title='bbox 551 2601 692 2698; x_wconf 79' lang='grc' dir='ltr'><em>ἡμέραν,</em></span> <span class='ocrx_word' id='word_1_168' title='bbox 715 2603 757 2673; x_wconf 84' lang='grc' dir='ltr'>τό</span> <span class='ocrx_word' id='word_1_169' title='bbox 772 2633 808 2674; x_wconf 90' lang='grc' dir='ltr'>τε</span> <span class='ocrx_word' id='word_1_170' title='bbox 823 2602 916 2689; x_wconf 73' lang='grc' dir='ltr'><em>ἄλλα,</em></span> <span class='ocrx_word' id='word_1_171' title='bbox 939 2607 997 2673; x_wconf 90' lang='grc' dir='ltr'>καί</span> <span class='ocrx_word' id='word_1_172' title='bbox 1020 2598 1171 2691; x_wconf 76' lang='grc' dir='ltr'><em>ἆμτιὲλοο</em></span> <span class='ocrx_word' id='word_1_173' title='bbox 1193 2604 1340 2691; x_wconf 82' lang='grc' dir='ltr'><em>καρπὸν,</em></span> <span class='ocrx_word' id='word_1_174' title='bbox 1369 2607 1430 2673; x_wconf 86' lang='grc' dir='ltr'>καὶ</span> 
     </span>
     <span class='ocr_line' id='line_1_21' title="bbox 242 2710 1428 2808; baseline -0.001 -22"><span class='ocrx_word' id='word_1_175' title='bbox 242 2723 405 2805; x_wconf 79' lang='grc' dir='ltr'><em>μελισσῶν</em></span> <span class='ocrx_word' id='word_1_176' title='bbox 427 2744 461 2786; x_wconf 89' lang='grc' dir='ltr'>τε</span> <span class='ocrx_word' id='word_1_177' title='bbox 491 2716 603 2808; x_wconf 83' lang='grc' dir='ltr'><em>κηρία,</em></span> <span class='ocrx_word' id='word_1_178' title='bbox 635 2719 694 2784; x_wconf 86' lang='grc' dir='ltr'>καί</span> <span class='ocrx_word' id='word_1_179' title='bbox 725 2716 819 2804; x_wconf 79' lang='grc' dir='ltr'><em>ἐρίων</em></span> <span class='ocrx_word' id='word_1_180' title='bbox 845 2715 887 2784; x_wconf 80' lang='grc' dir='ltr'>τοὶ</span> <span class='ocrx_word' id='word_1_181' title='bbox 912 2714 958 2806; x_wconf 79' lang='grc' dir='ltr'>μὴ</span> <span class='ocrx_word' id='word_1_182' title='bbox 982 2717 1014 2797; x_wconf 80' lang='grc' dir='ltr'>ἐς</span> <span class='ocrx_word' id='word_1_183' title='bbox 1040 2715 1197 2804; x_wconf 75' lang='grc' dir='ltr'><em>ἐργασίαν</em></span> <span class='ocrx_word' id='word_1_184' title='bbox 1218 2744 1274 2783; x_wconf 78' lang='grc' dir='ltr'>πω</span> <span class='ocrx_word' id='word_1_185' title='bbox 1297 2710 1428 2806; x_wconf 62' lang='grc' dir='ltr'><em>ἥκοντα,</em></span> 
     </span>
     <span class='ocr_line' id='line_1_22' title="bbox 244 2820 1428 2916; baseline -0.001 -19"><span class='ocrx_word' id='word_1_186' title='bbox 244 2824 327 2898; x_wconf 82' lang='grc' dir='ltr'><em>όλλδ</em></span> <span class='ocrx_word' id='word_1_187' title='bbox 343 2829 391 2897; x_wconf 76' lang='grc' dir='ltr'>ἔτι</span> <span class='ocrx_word' id='word_1_188' title='bbox 408 2822 560 2897; x_wconf 80' lang='grc' dir='ltr'><em>δνόντλεα</em></span> <span class='ocrx_word' id='word_1_189' title='bbox 574 2839 632 2896; x_wconf 82' lang='grc' dir='ltr'>τοῦ</span> <span class='ocrx_word' id='word_1_190' title='bbox 642 2824 791 2910; x_wconf 81' lang='grc' dir='ltr'><em>οίσόντοο,</em></span> <span class='ocrx_word' id='word_1_191' title='bbox 809 2820 831 2895; x_wconf 77' lang='grc' dir='ltr'><em>δ</em></span> <span class='ocrx_word' id='word_1_192' title='bbox 846 2828 1011 2895; x_wconf 76' lang='grc' dir='ltr'><em>τιθέασι</em></span> <span class='ocrx_word' id='word_1_193' title='bbox 1027 2828 1088 2894; x_wconf 75' lang='grc' dir='ltr'><em>ἐντί</em></span> <span class='ocrx_word' id='word_1_194' title='bbox 1102 2825 1159 2895; x_wconf 87' lang='grc' dir='ltr'>τόν</span> <span class='ocrx_word' id='word_1_195' title='bbox 1172 2825 1290 2914; x_wconf 81' lang='grc' dir='ltr'><em>βωμόν,</em></span> <span class='ocrx_word' id='word_1_196' title='bbox 1307 2822 1428 2916; x_wconf 72' lang='grc' dir='ltr'><em>ᾠκοδο-</em></span> 
     </span>
     <span class='ocr_line' id='line_1_23' title="bbox 242 2931 1428 3031; baseline -0.003 -23"><span class='ocrx_word' id='word_1_197' title='bbox 242 2931 1428 3031; x_wconf 75' lang='grc' dir='ltr'><em>μημένονπρδτοῦσνιηλαίοο·θίντεςδεκαταχέοοσιναότιῦνἔλαιον·</em></span> 
     </span>
     <span class='ocr_line' id='line_1_24' title="bbox 187 3041 1428 3140; baseline -0.001 -21"><span class='ocrx_word' id='word_1_198' title='bbox 187 3101 190 3107; x_wconf 83' lang='lat'>·</span> <span class='ocrx_word' id='word_1_199' title='bbox 242 3057 347 3119; x_wconf 79' lang='grc' dir='ltr'><em>ταῦτα</em></span> <span class='ocrx_word' id='word_1_200' title='bbox 372 3048 522 3131; x_wconf 76' lang='grc' dir='ltr'><em>ἰδιώταις</em></span> <span class='ocrx_word' id='word_1_201' title='bbox 535 3078 571 3119; x_wconf 90' lang='grc' dir='ltr'>τε</span> <span class='ocrx_word' id='word_1_202' title='bbox 586 3043 736 3138; x_wconf 79' lang='grc' dir='ltr'><em>δνδροίσι,</em></span> <span class='ocrx_word' id='word_1_203' title='bbox 759 3051 817 3117; x_wconf 87' lang='grc' dir='ltr'>καί</span> <span class='ocrx_word' id='word_1_204' title='bbox 837 3041 901 3117; x_wconf 67' lang='lat' dir='ltr'>civo</span> <span class='ocrx_word' id='word_1_205' title='bbox 924 3048 995 3130; x_wconf 72' lang='grc' dir='ltr'><em>ἔτος</em></span> <span class='ocrx_word' id='word_1_206' title='bbox 1009 3054 1055 3138; x_wconf 71' lang='grc' dir='ltr'>τῷ</span> <span class='ocrx_word' id='word_1_207' title='bbox 1076 3055 1176 3138; x_wconf 73' lang='grc' dir='ltr'><em>κοινῷ</em></span> <span class='ocrx_word' id='word_1_208' title='bbox 1198 3047 1428 3140; x_wconf 63' lang='grc' dir='ltr'><em>καθεστήκασι</em></span> 
     </span>
     <span class='ocr_line' id='line_1_25' title="bbox 242 3161 1428 3252; baseline 0.002 -21"><span class='ocrx_word' id='word_1_209' title='bbox 242 3163 275 3244; x_wconf 76' lang='grc' dir='ltr'>ἐς</span> <span class='ocrx_word' id='word_1_210' title='bbox 297 3162 334 3245; x_wconf 60' lang='grc' dir='ltr'>τί,</span> <span class='ocrx_word' id='word_1_211' title='bbox 338 3192 355 3230; x_wconf 86' lang='grc' dir='ltr'><em>ν</em></span> <span class='ocrx_word' id='word_1_212' title='bbox 374 3161 509 3230; x_wconf 73' lang='grc' dir='ltr'><em>θυσίαν.</em></span> <span class='ocrx_word' id='word_1_213' title='bbox 665 3163 746 3246; x_wconf 81' lang='lat' dir='ltr'>Qua</span> <span class='ocrx_word' id='word_1_214' title='bbox 761 3186 806 3231; x_wconf 81' lang='lat' dir='ltr'>ex</span> <span class='ocrx_word' id='word_1_215' title='bbox 829 3187 867 3233; x_wconf 91' lang='lat' dir='ltr'>re</span> <span class='ocrx_word' id='word_1_216' title='bbox 884 3166 971 3232; x_wconf 84' lang='lat' dir='ltr'>satis</span> <span class='ocrx_word' id='word_1_217' title='bbox 987 3166 1128 3232; x_wconf 87' lang='lat' dir='ltr'>eluoere</span> <span class='ocrx_word' id='word_1_218' title='bbox 1144 3164 1235 3232; x_wconf 90' lang='lat' dir='ltr'>mihi</span> <span class='ocrx_word' id='word_1_219' title='bbox 1253 3169 1428 3252; x_wconf 82' lang='lat' dir='ltr'>persuasi,</span> 
     </span>
     <span class='ocr_line' id='line_1_26' title="bbox 242 3277 1429 3364; baseline -0.001 -18"><span class='ocrx_word' id='word_1_220' title='bbox 242 3281 281 3346; x_wconf 90' lang='lat' dir='ltr'>in</span> <span class='ocrx_word' id='word_1_221' title='bbox 295 3279 365 3346; x_wconf 87' lang='lat' dir='ltr'>hoo</span> <span class='ocrx_word' id='word_1_222' title='bbox 382 3278 524 3345; x_wconf 89' lang='lat' dir='ltr'>Cereris</span> <span class='ocrx_word' id='word_1_223' title='bbox 540 3277 640 3345; x_wconf 85' lang='lat' dir='ltr'>cultu</span> <span class='ocrx_word' id='word_1_224' title='bbox 656 3277 907 3363; x_wconf 87' lang='lat' dir='ltr'>antiquissimo</span> <span class='ocrx_word' id='word_1_225' title='bbox 922 3277 1060 3362; x_wconf 89' lang='lat' dir='ltr'>primas</span> <span class='ocrx_word' id='word_1_226' title='bbox 1077 3277 1163 3343; x_wconf 89' lang='lat' dir='ltr'>anni</span> <span class='ocrx_word' id='word_1_227' title='bbox 1178 3277 1312 3362; x_wconf 84' lang='lat' dir='ltr'>fruges,</span> <span class='ocrx_word' id='word_1_228' title='bbox 1336 3298 1429 3364; x_wconf 91' lang='lat' dir='ltr'>quae</span> 
     </span>
     <span class='ocr_line' id='line_1_27' title="bbox 243 3376 1430 3476; baseline -0.001 -19"><span class='ocrx_word' id='word_1_229' title='bbox 243 3409 372 3476; x_wconf 81' lang='lat' dir='ltr'>graece</span> <span class='ocrx_word' id='word_1_230' title='bbox 395 3392 573 3456; x_wconf 83' lang='lat' dir='ltr'>vocantur</span> <span class='ocrx_word' id='word_1_231' title='bbox 596 3376 748 3470; x_wconf 75' lang='grc' dir='ltr'><em>ἀπαρχαί</em></span> <span class='ocrx_word' id='word_1_232' title='bbox 771 3387 860 3453; x_wconf 85' lang='lat' dir='ltr'>deae</span> <span class='ocrx_word' id='word_1_233' title='bbox 883 3388 965 3453; x_wconf 88' lang='lat' dir='ltr'>ante</span> <span class='ocrx_word' id='word_1_234' title='bbox 989 3388 1135 3453; x_wconf 88' lang='lat' dir='ltr'>antrum</span> <span class='ocrx_word' id='word_1_235' title='bbox 1161 3389 1200 3454; x_wconf 92' lang='lat' dir='ltr'>in</span> <span class='ocrx_word' id='word_1_236' title='bbox 1222 3388 1349 3454; x_wconf 87' lang='lat' dir='ltr'>tabula</span> <span class='ocrx_word' id='word_1_237' title='bbox 1371 3389 1430 3456; x_wconf 89' lang='lat' dir='ltr'>vel</span> 
     </span>
     <span class='ocr_line' id='line_1_28' title="bbox 244 3496 1430 3586; baseline -0.001 -20"><span class='ocrx_word' id='word_1_238' title='bbox 244 3521 310 3569; x_wconf 88' lang='lat' dir='ltr'>ara</span> <span class='ocrx_word' id='word_1_239' title='bbox 325 3501 460 3586; x_wconf 87' lang='lat' dir='ltr'>positas</span> <span class='ocrx_word' id='word_1_240' title='bbox 477 3519 564 3580; x_wconf 87' lang='lat' dir='ltr'>esse,</span> <span class='ocrx_word' id='word_1_241' title='bbox 580 3499 719 3585; x_wconf 76' lang='lat' dir='ltr'>inques</span> <span class='ocrx_word' id='word_1_242' title='bbox 737 3497 857 3564; x_wconf 91' lang='lat' dir='ltr'>oleum</span> <span class='ocrx_word' id='word_1_243' title='bbox 867 3496 1101 3564; x_wconf 83' lang='lat' dir='ltr'>effundebant</span> <span class='ocrx_word' id='word_1_244' title='bbox 1111 3498 1285 3566; x_wconf 79' lang='lat' dir='ltr'>Arcades.</span> <span class='ocrx_word' id='word_1_245' title='bbox 1311 3497 1430 3580; x_wconf 79' lang='lat' dir='ltr'>Quam</span> 
     </span>
     <span class='ocr_line' id='line_1_29' title="bbox 242 3608 1428 3692; baseline 0.002 -14"><span class='ocrx_word' id='word_1_246' title='bbox 242 3611 502 3680; x_wconf 85' lang='lat' dir='ltr'>caerimoniam</span> <span class='ocrx_word' id='word_1_247' title='bbox 532 3630 572 3677; x_wconf 91' lang='lat' dir='ltr'>re</span> <span class='ocrx_word' id='word_1_248' title='bbox 595 3629 682 3676; x_wconf 89' lang='lat' dir='ltr'>vera</span> <span class='ocrx_word' id='word_1_249' title='bbox 705 3608 925 3676; x_wconf 77' lang='lat' dir='ltr'>sacrificium</span> <span class='ocrx_word' id='word_1_250' title='bbox 946 3608 1072 3692; x_wconf 85' lang='lat' dir='ltr'>fuisse,</span> <span class='ocrx_word' id='word_1_251' title='bbox 1105 3630 1150 3676; x_wconf 88' lang='lat' dir='ltr'>ex</span> <span class='ocrx_word' id='word_1_252' title='bbox 1175 3609 1310 3676; x_wconf 83' lang='lat' dir='ltr'>ultimis</span> <span class='ocrx_word' id='word_1_253' title='bbox 1333 3609 1428 3680; x_wconf 88' lang='lat' dir='ltr'>Pau-</span> 
     </span>
     <span class='ocr_line' id='line_1_30' title="bbox 243 3721 1431 3808; baseline -0.001 -17"><span class='ocrx_word' id='word_1_254' title='bbox 243 3724 366 3791; x_wconf 87' lang='lat' dir='ltr'>saniae</span> <span class='ocrx_word' id='word_1_255' title='bbox 389 3724 510 3791; x_wconf 87' lang='lat' dir='ltr'>verbis</span> <span class='ocrx_word' id='word_1_256' title='bbox 537 3722 781 3804; x_wconf 79' lang='lat' dir='ltr'>concluditur3</span> <span class='ocrx_word' id='word_1_257' title='bbox 813 3721 987 3805; x_wconf 72' lang='lat' dir='ltr'>sednon,</span> <span class='ocrx_word' id='word_1_258' title='bbox 1020 3723 1127 3808; x_wconf 83' lang='lat' dir='ltr'>quale</span> <span class='ocrx_word' id='word_1_259' title='bbox 1155 3726 1329 3791; x_wconf 91' lang='lat' dir='ltr'>usitatum</span> <span class='ocrx_word' id='word_1_260' title='bbox 1352 3729 1431 3793; x_wconf 85' lang='lat' dir='ltr'>erat</span> 
     </span>
    </p>
   </div>
   <div class='ocr_carea' id='block_1_7' title="bbox 241 3831 1429 4030">
    <p class='ocr_par' dir='ltr' id='par_1_8' title="bbox 241 3831 1429 4030">
     <span class='ocr_line' id='line_1_31' title="bbox 241 3831 1427 3922; baseline -0.005 -21"><span class='ocrx_word' id='word_1_261' title='bbox 241 3834 502 3922; x_wconf 88' lang='lat' dir='ltr'>posterioribus</span> <span class='ocrx_word' id='word_1_262' title='bbox 532 3833 772 3918; x_wconf 58' lang='lat' dir='ltr'>temporibus</span> <span class='ocrx_word' id='word_1_263' title='bbox 810 3831 899 3900; x_wconf 86' lang='lat' dir='ltr'>haee</span> <span class='ocrx_word' id='word_1_264' title='bbox 931 3835 1045 3901; x_wconf 87' lang='lat' dir='ltr'>verba</span> <span class='ocrx_word' id='word_1_265' title='bbox 1077 3835 1338 3901; x_wconf 88' lang='lat' dir='ltr'>demonstrant:</span> <span class='ocrx_word' id='word_1_266' title='bbox 1370 3832 1427 3897; x_wconf 83' lang='grc' dir='ltr'>καὶ</span> 
     </span>
     <span class='ocr_line' id='line_1_32' title="bbox 241 3933 1429 4030; baseline -0.003 -21"><span class='ocrx_word' id='word_1_267' title='bbox 241 3940 349 4010; x_wconf 68' lang='grc' dir='ltr'><em>ἔθυσα</em></span> <span class='ocrx_word' id='word_1_268' title='bbox 371 3945 412 4030; x_wconf 70' lang='grc' dir='ltr'>τῇ</span> <span class='ocrx_word' id='word_1_269' title='bbox 435 3944 505 4027; x_wconf 67' lang='grc' dir='ltr'>θεῷ</span> <span class='ocrx_word' id='word_1_270' title='bbox 526 3937 622 4006; x_wconf 68' lang='grc' dir='ltr'><em>καθα</em></span> <span class='ocrx_word' id='word_1_271' title='bbox 649 3939 706 4005; x_wconf 89' lang='grc' dir='ltr'>καί</span> <span class='ocrx_word' id='word_1_272' title='bbox 730 3937 761 4006; x_wconf 81' lang='grc' dir='ltr'>οἱ</span> <span class='ocrx_word' id='word_1_273' title='bbox 789 3937 960 4024; x_wconf 70' lang='grc' dir='ltr'><em>ἓντιχιόριοι</em></span> <span class='ocrx_word' id='word_1_274' title='bbox 983 3939 1184 4025; x_wconf 78' lang='grc' dir='ltr'><em>νομίζουσιν,</em></span> <span class='ocrx_word' id='word_1_275' title='bbox 1210 3933 1309 4011; x_wconf 81' lang='grc' dir='ltr'><em>οίδέν.</em></span> <span class='ocrx_word' id='word_1_276' title='bbox 1356 3945 1429 4014; x_wconf 83' lang='lat' dir='ltr'>Sed</span> 
     </span>
    </p>
   </div>
   <div class='ocr_carea' id='block_1_8' title="bbox 241 4217 1430 4462">
    <p class='ocr_par' dir='ltr' id='par_1_9' title="bbox 241 4217 1430 4462">
     <span class='ocr_line' id='line_1_33' title="bbox 328 4217 1430 4288; baseline 0.001 -16"><span class='ocrx_word' id='word_1_277' title='bbox 328 4217 348 4284; x_wconf 83' lang='lat'>¹)</span> <span class='ocrx_word' id='word_1_278' title='bbox 366 4219 471 4273; x_wconf 83' lang='lat' dir='ltr'>Heffter</span> <span class='ocrx_word' id='word_1_279' title='bbox 494 4217 702 4285; x_wconf 71' lang='lat' dir='ltr'>[Gottesdienste</span> <span class='ocrx_word' id='word_1_280' title='bbox 725 4219 772 4271; x_wconf 81' lang='lat' dir='ltr'>aui</span> <span class='ocrx_word' id='word_1_281' title='bbox 790 4217 898 4272; x_wconf 86' lang='lat' dir='ltr'>Rhodos</span> <span class='ocrx_word' id='word_1_282' title='bbox 921 4217 961 4277; x_wconf 81' lang='grc' dir='ltr'>ΙΙ,</span> <span class='ocrx_word' id='word_1_283' title='bbox 985 4235 1010 4285; x_wconf 88' lang='lat' dir='ltr'>p.</span> <span class='ocrx_word' id='word_1_284' title='bbox 1030 4219 1071 4273; x_wconf 78' lang='lat'>28.</span> <span class='ocrx_word' id='word_1_285' title='bbox 1094 4218 1139 4286; x_wconf 83' lang='lat'>35)</span> <span class='ocrx_word' id='word_1_286' title='bbox 1162 4220 1348 4288; x_wconf 84' lang='lat' dir='ltr'>antiquissima</span> <span class='ocrx_word' id='word_1_287' title='bbox 1370 4237 1430 4273; x_wconf 89' lang='lat' dir='ltr'>esse</span> 
     </span>
     <span class='ocr_line' id='line_1_34' title="bbox 241 4300 1430 4374; baseline 0.001 -16"><span class='ocrx_word' id='word_1_288' title='bbox 241 4305 289 4358; x_wconf 77' lang='lat' dir='ltr'>illu</span> <span class='ocrx_word' id='word_1_289' title='bbox 307 4300 372 4370; x_wconf 72' lang='grc' dir='ltr'><em>ἱερὰ</em></span> <span class='ocrx_word' id='word_1_290' title='bbox 394 4301 490 4374; x_wconf 78' lang='grc' dir='ltr'><em>ἄκυρα</em></span> <span class='ocrx_word' id='word_1_291' title='bbox 509 4309 580 4359; x_wconf 87' lang='lat' dir='ltr'>recte</span> <span class='ocrx_word' id='word_1_292' title='bbox 598 4305 737 4365; x_wconf 81' lang='lat' dir='ltr'>iudicavit;</span> <span class='ocrx_word' id='word_1_293' title='bbox 761 4305 809 4358; x_wconf 88' lang='lat' dir='ltr'>sed</span> <span class='ocrx_word' id='word_1_294' title='bbox 827 4306 859 4358; x_wconf 85' lang='lat' dir='ltr'>ab</span> <span class='ocrx_word' id='word_1_295' title='bbox 878 4322 907 4358; x_wconf 93' lang='lat' dir='ltr'>eo</span> <span class='ocrx_word' id='word_1_296' title='bbox 926 4305 1068 4366; x_wconf 82' lang='lat' dir='ltr'>dissentio,</span> <span class='ocrx_word' id='word_1_297' title='bbox 1092 4306 1137 4372; x_wconf 85' lang='lat' dir='ltr'>qui</span> <span class='ocrx_word' id='word_1_298' title='bbox 1156 4306 1271 4359; x_wconf 84' lang='lat' dir='ltr'>fabulam</span> <span class='ocrx_word' id='word_1_299' title='bbox 1290 4307 1342 4359; x_wconf 83' lang='lat' dir='ltr'>iam</span> <span class='ocrx_word' id='word_1_300' title='bbox 1362 4309 1430 4359; x_wconf 82' lang='lat' dir='ltr'>anti·</span> 
     </span>
     <span class='ocr_line' id='line_1_35' title="bbox 242 4391 1380 4462; baseline 0.001 -18"><span class='ocrx_word' id='word_1_301' title='bbox 242 4391 334 4460; x_wconf 88' lang='lat' dir='ltr'>quitus</span> <span class='ocrx_word' id='word_1_302' title='bbox 353 4407 368 4444; x_wconf 88' lang='lat' dir='ltr'>a</span> <span class='ocrx_word' id='word_1_303' title='bbox 386 4391 499 4445; x_wconf 86' lang='lat' dir='ltr'>Rhodiis</span> <span class='ocrx_word' id='word_1_304' title='bbox 517 4392 583 4462; x_wconf 85' lang='lat' dir='ltr'>ipsis</span> <span class='ocrx_word' id='word_1_305' title='bbox 601 4391 692 4444; x_wconf 82' lang='lat' dir='ltr'>fictam</span> <span class='ocrx_word' id='word_1_306' title='bbox 710 4408 768 4445; x_wconf 89' lang='lat' dir='ltr'>esse</span> <span class='ocrx_word' id='word_1_307' title='bbox 787 4391 857 4446; x_wconf 88' lang='lat' dir='ltr'>velit.</span> <span class='ocrx_word' id='word_1_308' title='bbox 1377 4393 1380 4400; x_wconf 80' lang='grc'><strong>“</strong></span> 
     </span>
    </p>
   </div>
   <div class='ocr_carea' id='block_1_9' title="bbox 0 0 1662 5200">
    <p class='ocr_par' dir='ltr' id='par_1_10' title="bbox 0 0 1662 5200">
     <span class='ocr_line' id='line_1_36' title="bbox 0 0 1662 5200; baseline 0 0"><span class='ocrx_word' id='word_1_309' title='bbox 0 0 1662 5200; x_wconf 95' lang='lat' dir='ltr'> </span> 
     </span>
    </p>
   </div>
  </div>
 </body>
</html>
