3316 5200
796 476 1007 537 ..52-

347 755 389 822 B.
425 754 485 820 De
511 752 562 820 iis
588 753 865 834 libationibus,
893 771 995 836 quas
1023 755 1091 824 dei
1116 755 1197 836 ipsi
1223 755 1456 825 efflmdunt.

396 930 482 998 Non
504 935 572 1014 est,
595 953 661 999 cur
682 933 871 1016 miremur,
899 934 998 1021 quod
1021 931 1153 1002 Graeci
1175 935 1262 1002 deos
1285 955 1431 1022 quoque
1453 935 1496 1002 li·

312 1044 439 1111 bantes
461 1042 655 1128 fingebant.
690 1043 788 1111 Nam
809 1043 879 1112 hac
901 1046 1004 1128 inre,
1028 1045 1118 1112 utin
1141 1045 1266 1113 multis
1289 1045 1381 1130 aliis,
1406 1046 1494 1114 deos

310 1153 363 1220 ita
384 1173 422 1220 se
444 1172 584 1238 gerere,
608 1157 648 1221 ut
668 1155 767 1242 ipsos
787 1154 954 1246 homines
978 1157 1229 1242 opinabantur.
1275 1153 1354 1236 Quo
1376 1157 1433 1239 fit,
1457 1161 1496 1224 ut

311 1285 357 1332 ex
371 1265 499 1332 litteris
520 1269 557 1332 et
576 1267 829 1350 monumentis,
853 1286 947 1354 quae
962 1267 1010 1334 ad
1026 1266 1120 1334 hanc
1136 1288 1216 1334 rem
1229 1267 1389 1354 plurima
1412 1288 1496 1355 sup-

311 1375 487 1461 peditant,
520 1376 669 1443 eaedem
700 1396 833 1444 causae
863 1377 1113 1463 intelligantur
1139 1379 1178 1445 in
1202 1377 1354 1446 deorum
1375 1379 1496 1447 libati-

313 1487 453 1571 onibus,
477 1490 584 1574 atque
606 1486 805 1555 hominum.
852 1488 891 1555 li.
914 1508 947 1574 g.
974 1488 1016 1556 of.
1042 1487 1262 1572 Plutarchi¹)
1285 1490 1408 1573 verba,
1433 1491 1496 1576 qui

311 1598 348 1665 in
380 1598 496 1664 risum
527 1617 659 1665 vocare
685 1598 830 1665 videtur
857 1596 1081 1667 Graecorum
1107 1598 1333 1684 religionem:
1366 1597 1496 1685 Παγγέ-

311 1707 401 1772 λοιον
422 1701 483 1793 γάρ
505 1705 609 1788 ἐστιν,
633 1693 660 1772 ὦ
683 1702 803 1793 ἑταῖρε,
831 1703 887 1773 τὸν
906 1696 1063 1772 Ἀπόλλω
1085 1705 1249 1773 κτείνοντα
1273 1705 1393 1796 θηρίον
1415 1705 1496 1796 φεύ-

311 1842 378 1903 γειν
400 1815 459 1883 ἐπὶ
481 1816 612 1901 πέρατα
634 1830 691 1906 τῆς
710 1809 871 1896 Ἑλλάδος
894 1809 1051 1903 ἁγνισμοῦ
1069 1813 1225 1901 δεόμενον,
1249 1809 1309 1885 εἴτ’
1334 1818 1403 1886 ἐκεῖ
1415 1817 1496 1902 χοάς

311 1953 404 2006 τινας
434 1931 571 2009 χεῖσθαι
597 1927 656 1994 καὶ
683 1930 775 2012 δρᾶν,
804 1919 827 1994 ἃ
854 1931 975 2014 δρῶσιν
1003 1921 1194 2013 ἅνθρωποι,
1221 1927 1390 2016 μηνίματα
1418 1933 1494 1996 δαι-

311 2034 417 2123 μόνων
439 2032 682 2127 ἀφοσιούμενοι.
706 2080 749 2087 —-
769 2042 1031 2129 Aristophanes
1039 2042 1062 2126 ²)
1078 2042 1284 2128 Trygaeum
1298 2043 1385 2112 iacit
1406 2044 1495 2111 allo-
1542 2112 1546 2120 ,

312 2156 483 2239 quantem
505 2152 738 2221 Mercurium.

764 2281 896 2366 πρῶτον
918 2279 955 2346 δέ
977 2303 1030 2346 σοι

538 2391 641 2476 δῶρον
664 2386 785 2474 δίδωμι
807 2381 909 2478 τήνδ’,
932 2393 986 2456 ἵνα
1010 2390 1162 2457 catedra
1184 2388 1265 2479 ἄρῃς.

312 2525 347 2589 et
362 2520 567 2590 Scholiasta
582 2521 632 2589 ad
646 2541 697 2588 vs,
715 2524 778 2590 433
793 2522 1063 2590 animadvertit:
1088 2516 1215 2607 σπονδὴ
1234 2515 1376 2608 σπονδή]
1399 2523 1494 2587 τοῦτο

313 2620 443 2709 ἀξιοῦσι
465 2626 522 2696 τὸν
538 2622 659 2718 Ἑρμῆν
681 2630 784 2717 λέγειν
808 2632 998 2699 σπένδοντα.

399 2740 518 2823 Quam
544 2743 592 2810 ad
618 2764 697 2811 rem
722 2743 979 2812 illustrandam
1009 2744 1191 2832 permulta
1214 2739 1392 2812 accedunt
1418 2764 1494 2812 mo·

311 2858 487 2922 numenta
508 2857 616 2941 atque
639 2875 683 2922 ea
704 2855 879 2942 pleraque
901 2855 1065 2938 vascula,
1089 2876 1182 2943 qnae
1205 2855 1294 2943 quid
1316 2856 1495 2922 senserint

313 2962 445 3033 Graeci
476 2965 521 3033 de
555 2965 642 3032 deis·
663 2965 862 3033 libantibus
894 2965 1151 3033 demonstrant.
1179 3003 1221 3013 -
1247 2968 1303 3034 Αο
1334 2967 1494 3053 primum

312 3075 461 3162 quidem
482 3076 613 3162 loquar
636 3077 681 3144 de
703 3096 745 3143 eo
773 3096 906 3162 genere
928 3077 1176 3159 vasculorum,
1208 3077 1307 3163 quod
1337 3077 1493 3144 referen-

313 3185 401 3254 dum
424 3190 478 3253 est
500 3186 546 3254 ad
570 3207 626 3269 ca,
654 3208 748 3274 qnae
770 3188 945 3275 praebent
969 3188 1235 3255 adolescentem
1258 3186 1409 3255 domum
1431 3207 1494 3275 pa·

310 3299 377 3366 tris
408 3295 679 3386 relinquentem.
722 3299 962 3366 Inveniuntur
992 3300 1090 3366 enim
1120 3299 1237 3366 multa
1259 3299 1424 3382 vascula,
1456 3301 1494 3366 in

311 3409 444 3496 quibus
465 3409 706 3496 Triptolemus
733 3411 801 3477 iter
826 3411 1059 3495 ingressurus
1082 3414 1148 3493 est,
1180 3412 1221 3476 ut
1251 3409 1417 3477 homines
1449 3410 1493 3477 de

309 3519 491 3588 frumento
519 3520 671 3589 colendo
700 3521 836 3589 doceat.
882 3521 973 3588 Fere
996 3522 1119 3588 omnia
1145 3520 1236 3588 haec
1259 3521 1410 3588 vascula
1432 3539 1493 3588 eas

309 3631 458 3717 figurae,
478 3652 572 3720 qnae
587 3632 746 3719 primum
761 3635 884 3700 tenent
896 3633 1029 3716 locum,
1052 3632 1256 3700 simillimas
1273 3632 1492 3714 continenti)

284 3796 288 3800 .
309 3741 550 3828 Triptolemus
576 3743 616 3810 in
643 3764 754 3810 curru
780 3744 911 3811 sedens
936 3745 975 3811 in
1004 3745 1170 3811 dextram
1194 3763 1321 3810 versus
1348 3743 1494 3810 sinistra

309 3873 423 3920 manu
445 3854 595 3940 spicas4)
619 3853 737 3937 habet,
761 3855 894 3940 quibus
910 3856 1053 3942 saepius
1074 3858 1257 3940 sceptrum
1279 3854 1493 3922 adiunctum

399 4061 417 4127 ¹)
436 4061 526 4114 moral.
547 4077 571 4129 p.
590 4059 641 4112 418
659 4059 690 4112 Β.
709 4082 743 4101 =
761 4058 793 4112 de
812 4059 905 4112 defeat.
924 4075 991 4112 orac.
1012 4060 1052 4113 15.

399 4165 420 4229 ²)
438 4164 498 4216 Pac.
517 4179 554 4215 vs.
572 4161 632 4214 424.
652 4177 709 4231 sqq.

396 4268 417 4334 3)

436 4265 576 4322 Commode
602 4265 735 4334 inspicias,
763 4280 829 4333 quae
857 4264 964 4317 vascula
990 4264 1138 4334 composuit
1164 4263 1311 4318 Overbeok:
1342 4264 1421 4319 Atlas
1448 4265 1494 4318 der

309 4353 407 4421 griech.
427 4351 687 4419 Kunstmytbologie.
723 4350 798 4414 (Liel.
812 4348 860 4402 IV.
879 4349 936 4403 Tai.
954 4349 1012 4403 XV.
1031 4347 1115 4414 XVI.)
1405 4359 1407 4362 ’

396 4456 417 4522 ⁴)
437 4455 501 4509 ibid.
519 4451 578 4507 XV.
597 4471 637 4508 no.
659 4455 697 4506 17.
717 4453 779 4506 aaa.
799 4452 869 4507 XVI.
890 4454 934 4506 la.
