3316 5200
704 497 914 558 -11-

182 758 188 775 ι
220 677 276 760 rit,
299 675 390 744 haec
412 677 561 763 profert:
592 675 651 740 καὶ
674 667 711 742 σί
738 677 837 759 μόνον
857 680 915 764 της
937 676 1014 763 περὶ
1036 688 1142 742 ταῦτα
1166 676 1288 766 σοφίας
1308 671 1408 764 χάριν

220 777 311 863 άξιος
332 783 552 852 ἐπαινεῖσθαι
576 777 594 852 ὃ
617 777 696 873 ἀνὴρ
721 789 781 872 (sc.
800 795 918 871 Νοῦμα
934 785 1140 873 Πομπίλιος)
1164 779 1248 854 άλλοὶ
1267 788 1326 854 καί
1347 791 1406 876 τῆς

219 885 379 974 εὐτελείας
399 911 464 961 τῶν
479 899 615 979 θυσιῶν,
640 889 694 977 αἷς
717 895 930 986 γεραίρεσθαι
953 896 1029 978 τοὺς
1043 895 1143 978 θεοὺς
1157 899 1406 987 ἐνομοθέτησεν,

220 992 265 1070 οἷν
286 1002 323 1071 αὶ
346 1008 504 1073 πλεῖσται
527 1006 672 1091 διέμενον
694 1007 755 1087 ἕως
776 1011 834 1097 τῆς
847 1001 933 1075 καθ’
958 996 1202 1098 ημᾶςηλικίας,
1227 1007 1256 1077 εἰ
1278 1007 1324 1098 μὴ
1346 1010 1405 1076 καί

220 1119 330 1183 πᾶσαι
370 1115 456 1183 κατά
495 1120 552 1184 τὸν
594 1111 728 1205 άρχαῖον
762 1119 1011 1205 ε’πιτελοίμενον
1047 1122 1188 1208 τρόπον.
1225 1117 1288 1208 ἐγώ
1331 1123 1406 1207 γοῦν

220 1223 411 1316 ἐθεασάμην
433 1228 465 1294 ἕν
489 1226 592 1316 ἱεραῖς
614 1227 737 1310 οἰκίαις
759 1233 878 1298 δεῖπνα
901 1229 1099 1318 προκείμενα
1123 1237 1218 1311 θεοῖς
1240 1231 1298 1298 ἐπὶ
1323 1257 1402 1316 τρα-

220 1339 341 1420 πέζαις
363 1336 507 1419 ξυλίναις
529 1331 704 1424 ἀρχαϊκαῖς
726 1341 760 1408 ἐν
777 1338 895 1430 κάνησι
917 1343 975 1408 καί
998 1340 1213 1422 πινακίσκοις
1226 1348 1408 1430 κεραμεοῖς,

223 1442 371 1540 ἀλφίτων
391 1447 499 1535 μάζας
512 1452 571 1518 καὶ
586 1449 729 1520 πόπανα
744 1454 802 1520 καί
817 1454 894 1535 ζέας
907 1454 964 1520 καί
980 1458 1120 1542 καρπῶν
1134 1481 1230 1520 τινων
1252 1446 1408 1541 ἀπαρχάς

220 1562 279 1628 καί
300 1554 384 1628 άλλα
406 1566 545 1630 τοιαῦτα
569 1561 645 1630 λιτά
666 1563 725 1630 καὶ
747 1556 919 1632 εὐδάπανα
944 1565 1004 1631 καὶ
1024 1561 1138 1654 πάσης
1165 1557 1407 1653 ἀπειροκαλίας

223 1663 452 1761 άπηλαγμίνα,
476 1674 532 1741 καὶ
557 1672 705 1752 σπονδάς
727 1669 814 1744 εἶδον
835 1675 1071 1762 ἐγκεκραμένας
1092 1668 1151 1744 οὐκ
1174 1667 1324 1764 ἀργυροῖς
1345 1676 1404 1742 καί
1470 1739 1472 1743 ,

221 1789 351 1871 χρυσοῖς
374 1777 518 1871 άγγεσιν,
542 1777 649 1853 ἀλλ’ἒν
671 1778 881 1874 ὀστρακίνοις
901 1785 1074 1866 κυλίσκαις
1094 1787 1153 1854 καί
1175 1783 1326 1874 πρόχοις,
1349 1787 1408 1853 καί

224 1891 313 1962 πάνυ
339 1888 493 1985 ἠγάσθην
514 1900 589 1963 τῶν
605 1891 742 1985 ἀνδρῶν,
775 1891 826 1966 ὅτι
860 1898 1070 1982 διαμένουσιν
1100 1898 1134 1964 ἐν
1161 1903 1232 1977 τοῖς
1253 1897 1409 1982 πατρίοις

224 2003 335 2074 ἔθεσιν
362 1999 454 2076 οὐδὲν
481 2005 728 2089 ἐξαλλάττοντες
749 2013 814 2076 τῶν
834 2001 981 2095 άρχαίων
1004 2007 1097 2097 ἱερῶν
1118 2007 1165 2088 εἷς
1186 2013 1244 2098 τὴν
1265 2000 1408 2090 άλαζίνα

224 2118 438 2185 πολυτέλειαν
461 2171 595 2190 .....
640 2122 741 2204 Quae
774 2125 888 2192 verba
917 2128 1055 2192 remoto
1087 2123 1232 2191 Numae
1262 2124 1409 2191 nomine

226 2232 384 2300 dilucide
396 2233 653 2318 demonstrant,
670 2235 923 2322 antiquissima
938 2253 1017 2302 esse
1033 2254 1139 2302 sacra
1148 2234 1408 2316 Romanorum,

225 2343 270 2411 de
302 2345 435 2430 quibus
466 2347 620 2432 scriptor
658 2347 826 2433 antiquas
849 2346 1042 2430 religiones
1079 2345 1305 2431 perlustrans
1338 2343 1409 2412 hoc

226 2457 335 2524 modo
356 2455 534 2523 iudicavit
555 2477 672 2543 neque
695 2457 856 2525 dubitari
869 2460 995 2543 potest,
1020 2459 1108 2544 quin
1127 2455 1315 2523 simillima
1337 2456 1409 2522 sint

227 2568 282 2650 iis,
306 2587 409 2653 quae,
434 2569 475 2632 ut
496 2567 703 2654 exemplum
724 2567 918 2654 proferam,
940 2569 978 2635 in
1002 2566 1158 2635 Graecia
1180 2565 1302 2634 oblata
1326 2570 1411 2633 suut

226 2676 359 2745 Cereri.
385 2713 422 2723 -
446 2677 525 2744 Illis
551 2676 641 2745 loeis
668 2677 761 2745 nihil
789 2679 925 2746 dictum
953 2683 1007 2745 est
1035 2677 1079 2744 de
1101 2679 1259 2745 victimis
1281 2678 1411 2744 immo·

225 2787 324 2870 latis3
350 2791 471 2855 tamen
501 2787 663 2856 Prellero
694 2789 965 2856 assentiendum
994 2792 1061 2872 est,
1085 2790 1148 2875 qui
1173 2787 1310 2870 dicito)
1345 2787 1411 2854 Die

230 2897 334 2983 θρίου·
354 2899 451 2965 selbst
480 2921 587 2965 ιυονενι
610 2899 702 2965 theiis
729 2899 846 2984 ὀλιιίιρε
877 2902 907 2964 d.
930 2901 960 2968 Ιι.
988 2900 1183 2982 Thieropfer,
1214 2899 1326 2965 welche
1352 2920 1413 2964 υοιι

230 3012 298 3076 dem
326 3009 437 3076 Gerete
461 3010 588 3076 Numae
614 3011 799 3095 λοίυαειυογε
825 3012 1090 3094 αιιεηεεολίοεεενι,
1121 3011 1196 3076 aber
1223 3010 1415 3094 yleiclrfalls

229 3122 328 3188 durch
358 3122 430 3188 sehr
459 3124 511 3187 ιἰιε
536 3122 692 3188 Είκτελκε
720 3123 857 3207 ριλεκοῖε
888 3123 1102 3205 Vorsehre'ften
1130 3123 1267 3206 yereyeli
1296 3143 1414 3197 waren,

227 3233 463 3317 ρνὸεείινιίλειλτ
489 3233 565 3299 aber
590 3234 768 3317 euolutiqe3
791 3235 946 3299 docenter
972 3234 1136 3300 recondere
1159 3236 1209 3299 die
1241 3233 1291 3299 bei
1313 3234 1414 3314 jedem

233 3344 330 3427 θρίου
352 3345 615 3410 cuvermeidliche
636 3345 721 3410 mela
747 3345 849 3424 salso⁷
880 3346 992 3410 welche
1021 3345 1213 3428 ροιυόλνιίίελ
1244 3344 1325 3410 auch
1354 3365 1416 3409 υοιι

234 3456 345 3521 Numa
367 3457 533 3539 ebyelee'tet
554 3457 673 3538 ιοννάο,
704 3455 778 3522 aber
801 3459 914 3539 yewiss
936 3457 1019 3522 σ’ίίεν
1045 3458 1101 3538 ist,
1133 3457 1183 3521 uls
1205 3477 1247 3521 er.
1292 3457 1418 3521 Feruer

230 3568 292 3651 ροο
315 3587 347 3633 es
367 3567 441 3632 εολν
460 3567 538 3634 σιἐίε
563 3567 709 3649 Spendea
734 3571 828 3634 meist
853 3568 931 3633 ολκο
962 3567 1068 3648 Weiu‚
1095 3567 1219 3634 οιιάλίολ
1245 3567 1317 3632 sehr
1338 3567 1417 3632 υιέλο

236 3675 471 3759 Opferlcucheu,
504 3677 581 3758 liba,
615 3680 666 3743 die
687 3680 723 3744 ι’νι
748 3679 821 3743 sehr
844 3679 1078 3744 verschiedeaeu
1100 3678 1241 3744 Formeu
1261 3677 1416 3761 ριὸοολεκ

235 3790 364 3854 werden
366 3837 497 3856 .....

320 3899 449 3967 Patere
471 3903 569 3986 pute,
592 3920 636 3966 ea
658 3919 765 3967 sacra
787 3921 879 3987 quae
900 3899 1043 3967 Numae
1067 3900 1322 3982 attribuuntur,
1344 3919 1418 3964 nou

235 4012 354 4098 prima
376 4029 455 4077 esse
476 4010 581 4077 initia
603 4009 854 4077 Romanorum
877 4010 1061 4093 sacrificii,
1093 4010 1157 4077 sed
1179 4010 1257 4078 eius
1281 4008 1419 4092 aetatis

235 4141 309 4210 qua
330 4122 405 4188 iam
428 4121 597 4188 victimae
628 4120 838 4187 immolatae
865 4123 900 4187 et
926 4122 1136 4188 combustae
1166 4119 1315 4205 frugum
1345 4120 1419 4205 pri-

235 4233 346 4301 mitiis
368 4231 675 4318 libationibusque
699 4231 957 4318 adiunguntur.

327 4475 343 4536 ’γ
362 4472 503 4526 Ιλόσιὶεολιε
522 4471 700 4540 Mythologie³
717 4471 738 4524 Ι.
758 4489 782 4540 p.
804 4473 859 4524 129.
880 4471 921 4525 30.
