3316 5200
627 471 839 534 ..55-

144 656 294 723 lineavit
308 653 486 738 11011611)
510 657 591 742 ipsa
604 656 773 724 Minerva
794 677 839 724 ex
862 656 990 724 hirnea
1011 657 1222 724 libationem
1244 677 1326 744 pro-

144 766 274 834 sertin
297 767 448 848 aram32)
476 787 587 852 quam
610 768 833 836 exadversus
856 771 927 834 stat
947 766 1135 851 Hercules,
1159 769 1327 836 omnibus

145 879 256 945 armis
284 877 447 960 indutus,
475 869 516 944 ut
542 878 809 964 expeditionem
831 879 994 965 aliquam
1016 880 1198 965 suscipiat.
1243 877 1326 947 Huc

145 992 309 1075 spectare
332 987 434 1055 aliud
455 988 656 1072 vasculum,
680 989 779 1075 quod
801 991 919 1056 exstat
940 988 1040 1075 apud
1055 986 1326 1071 Gerhardum‚³)

145 1098 319 1186 Stephani
354 1101 524 1180 censebit
562 1098 602 1166 id
633 1099 731 1185 quod
762 1119 835 1166 non
866 1102 963 1168 recte
999 1098 1219 1186 explicatum
1250 1119 1328 1167 esse

146 1213 271 1296 postea
292 1209 465 1296 probabo.
511 1208 639 1295 Neque
666 1211 762 1277 enim
785 1209 991 1277 Minervam
1013 1210 1140 1296 ipsam,
1164 1210 1227 1277 sed
1251 1211 1328 1278 eius

150 1324 307 1388 statuam
337 1319 406 1387 boc
439 1319 519 1386 loco
560 1320 760 1404 significari
794 1341 860 1407 pro
899 1323 995 1388 certo
1034 1320 1150 1388 habeo
1189 1324 1224 1389 61
1254 1322 1329 1388 iam

145 1432 259 1499 rerba
283 1430 418 1497 faciam
447 1430 491 1496 de
514 1433 634 1515 gestu,
667 1450 738 1516 quo
763 1433 860 1498 tenet
885 1433 1050 1516 pateram
1072 1431 1131 1497 dei
1153 1431 1213 1498 vel
1240 1431 1329 1498 deae

147 1542 392 1609 simulacrum.

230 1679 311 1763 Age
334 1697 420 1746 vero
445 1678 670 1764 disputemus
693 1678 738 1745 de
754 1679 799 1745 iis
814 1678 984 1761 vasculis⁷
1008 1697 1101 1764 quae
1118 1678 1206 1745 deos
1222 1677 1328 1762 soloe,

147 1792 167 1858 i.
184 1812 211 1858 e.
228 1790 439 1857 hominibus
459 1809 533 1855 non
556 1789 699 1871 additis,
722 1789 877 1856 libantes
899 1789 1082 1876 praebent.
1121 1789 1220 1856 Inter
1236 1809 1329 1874 quae

148 1903 306 1988 primum
337 1902 513 1986 apparent
543 1919 599 1983 ea,
636 1901 674 1966 in
706 1900 838 1986 quibus
871 1899 1002 1986 Apollo
1036 1898 1267 1966 citharoedus
1295 1903 1331 1967 et

148 2012 267 2079 Diana
293 2011 540 2093 inveniuntur,
574 2010 621 2078 ad
644 2030 735 2097 quos
763 2029 1022 2097 saepenumero
1045 2008 1187 2077 Latona
1213 2013 1330 2078 mater

149 2122 295 2190 accedit.
305 2121 329 2204 ⁵)
366 2120 468 2188 Haec
484 2121 635 2188 vascula
649 2121 809 2207 plurima
822 2124 965 2208 reperta
984 2122 1146 2188 maxima
1167 2141 1212 2188 ex
1227 2124 1329 2207 parte

150 2233 244 2300 idem
268 2234 475 2318 significare
502 2231 593 2298 mihi
618 2234 793 2318 persuasi.
839 2232 1078 2319 Stephanium
1108 2235 1205 2299 recte
1235 2232 1329 2299 iudi-

152 2363 251 2410 casse
274 2362 414 2425 censeo,
436 2342 494 2410 his
516 2344 554 2409 in
577 2345 820 2410 monumentis
842 2344 1052 2411 libationem
1068 2347 1144 2411 arte
1160 2344 1331 2411 coniunc-

150 2460 223 2522 tam
246 2474 325 2522 esse
348 2475 432 2522 oum
455 2453 711 2521 citharizando
757 2454 855 2521 Nam
877 2455 951 2523 fere
979 2474 1120 2542 semper
1141 2456 1180 2522 in
1203 2474 1244 2522 eo
1267 2459 1330 2538 est,

150 2569 189 2632 ut
209 2564 359 2652 Apollo,
387 2565 450 2650 qui
473 2565 621 2631 sinistra
641 2585 753 2631 manu
776 2564 956 2633 citharam
978 2568 1089 2648 tenet,
1117 2564 1331 2633 citharizare

150 2678 306 2763 incipiat.
352 2675 477 2742 Multis
504 2677 542 2742 in
565 2675 724 2743 vasculis
748 2695 813 2742 ara
834 2677 872 2743 in
895 2675 1015 2743 medio
1037 2677 1155 2762 posita
1177 2679 1243 2759 est,
1272 2695 1331 2742 su-

153 2809 218 2874 pra
239 2807 351 2874 quam
373 2786 434 2854 ille
457 2787 586 2854 dextra
612 2788 766 2872 porrigit
791 2787 997 2873 pateram)
1042 2786 1087 2853 In
1110 2786 1224 2853 altera
1247 2806 1332 2853 arae

151 2902 251 2985 parte
267 2898 388 2966 Diana
408 2897 601 2980 invenitur,
625 2917 718 2983 quae
741 2917 830 2964 arcu
851 2897 1095 2984 pharetraque
1116 2897 1330 2975 11111111161)

154 3008 439 3091 111116111101111,
464 3027 537 3094 qua
551 3008 763 3088 ministrat⁸)
786 3009 899 3074 iratri.
935 3008 986 3074 At
1007 3028 1080 3074 non
1097 3008 1228 3075 desunt
1249 3027 1331 3074 vas-

152 3120 243 3204 cula,
267 3121 306 3186 in
329 3120 461 3206 quibus
484 3119 569 3185 vino
592 3119 667 3186 iam
689 3118 808 3186 iniuso
833 3118 1029 3186 demissam
1049 3113 1145 3186 tenet
1167 3118 1236 3186 dea
1256 3118 1332 3185 hir-

152 3231 308 3313 161119)
333 3230 397 3298 sed
411 3230 453 3296 fit
469 3249 621 3316 quoque,
644 3233 685 3296 ut
706 3231 787 3316 ipsa
809 3235 970 3316 epatera
991 3231 1203 3297 libationem
1218 3229 1331 3297 effun-

152 3342 222 3410 dat.
232 3344 270 3423 ¹⁰)
310 3339 350 3409 Si
364 3339 507 3407 Latona
527 3341 676 3424 accedit,
699 3360 806 3428 saepe
828 3345 910 3427 post
924 3340 1132 3426 Apollinem
1155 3344 1331 3422 versatur,

153 3525 356 3534 ,-..----

239 3633 258 3697 1)
277 3631 360 3687 Choix
378 3632 410 3685 de
428 3647 503 3684 vases
521 3631 610 3700 peints
629 3631 667 3684 tb.
686 3629 746 3682 Vll.
765 3648 805 3684 no.
827 3632 870 3684 la.

237 3737 259 3796 ²)
277 3735 317 3788 Ex
335 3734 426 3788 hirnea
444 3751 547 3804 quoqne
564 3734 717 3787 libationem
740 3734 797 3787 fieri
815 3734 866 3788 iam
886 3749 966 3804 supra
983 3733 1105 3787 vidimus.
1142 3731 1181 3789 cf.
1199 3731 1332 3787 Gerhard:

155 3819 286 3874 Auserles.
305 3818 421 3874 Vasenb.
441 3820 497 3873 155.
524 3819 595 3873 Elite
613 3817 663 3873 cer.
681 3819 702 3871 Ι.
721 3819 761 3873 87.

236 3926 258 3990 ³)
275 3923 448 3978 Auserlesene
469 3920 640 3977 Vasenbilder
657 3923 768 3978 111242.

238 4027 259 4091 ⁴)
278 4026 387 4095 Compte
405 4056 437 4064 -
455 4025 541 4080 rendu
560 4025 634 4079 1873.
653 4041 678 4095 p.
699 4025 755 4079 120.

239 4130 259 4196 ⁵)
277 4129 318 4182 De
335 4128 384 4182 hoc
402 4127 568 4182 vasculorum
586 4143 680 4195 genere
700 4128 802 4198 copiose
819 4127 946 4180 tractavit
958 4124 1086 4194 Stephani
1099 4125 1115 4178 l.
1129 4143 1151 4179 c.
1163 4143 1189 4194 p.
1203 4125 1331 4178 ace-15.

238 4233 259 4298 ὓ)
278 4229 317 4286 Cf.
335 4229 407 4284 Elite
424 4227 567 4296 ceramogr.
585 4228 619 4282 ll.
639 4229 678 4282 tb.
696 4229 737 4283 32.
757 4229 819 4283 361.

238 4336 259 4400 ⁷)
277 4332 342 4387 ibid.
362 4333 401 4388 10.
420 4332 462 4387 36.

239 4435 314 4501 ε)11).
333 4435 374 4489 32.
393 4436 434 4492 36.
505 4437 526 4501 9)
543 4436 579 4489 ib.
598 4436 640 4488 24.
713 4436 744 4502 ¹⁰)
762 4433 799 4488 ib.
819 4435 859 4489 13.
880 4435 920 4488 14.
