3316 5200
684 472 895 534 „31-

406 649 556 720 θέουσαν
574 654 681 719 Αἴδου
704 643 814 742 λῄυορ’
841 643 1008 717 ιἰἷσπονιλον
1030 641 1059 714 τ’
1080 642 1163 737 ’Ἀρη

409 762 520 850 φίλοις
541 745 725 832 πνέουσαν.Ι

285 896 397 962 Poeta
422 895 583 981 loquitur
610 895 654 962 de
682 893 799 961 Marte
828 893 968 960 erudeli
999 896 1034 959 et
1058 890 1293 973 inexorabili,
1326 891 1385 957 oui

198 1008 390 1076 libationes
415 1006 535 1073 offerri
557 1008 706 1073 constat.
722 1004 746 1088 ¹)
789 1004 929 1071 Eodem
956 1003 1065 1070 modo
1093 1021 1150 1069 res
1174 1021 1252 1068 sese
1273 999 1384 1069 habet

199 1121 236 1186 in
261 1118 447 1204 Euripidis
468 1116 546 1184 Alo.
572 1135 623 1182 vo.
648 1119 725 1197 4243
748 1115 812 1182 ubi
833 1119 941 1202 poeta
962 1113 1071 1181 refert
1093 1113 1138 1180 de
1161 1113 1229 1180 deo
1252 1112 1382 1179 infero:

406 1233 481 1308 ἀλλ’
507 1237 650 1329 ἐκφορὰν
673 1239 733 1327 γὰρ
755 1242 848 1307 rorte
870 1235 1024 1328 θήσομαι
1047 1241 1157 1325 νεκροῦ

404 1349 548 1439 πάρεστε
569 1352 628 1419 καὶ
649 1352 800 1436 μένοντες
822 1341 1022 1440 ἆνσηχήσασε

405 1467 538 1530 παιᾶνα
561 1467 607 1550 σῷ
629 1460 782 1530 κάτωθεν
805 1455 960 1549 ἆσπόνόιγ
983 1464 1062 1548 θεῷ.

286 1593 383 1661 Nam
414 1594 562 1661 Plutoni
592 1595 783 1662 libationes
819 1593 935 1662 factas
967 1613 1045 1661 esse
1078 1612 1161 1660 oum
1190 1591 1270 1658 aliis
1296 1590 1387 1657 loeis

197 1711 278 1773 tum
300 1705 487 1790 Euripidis
512 1706 676 1773 versibus
685 1707 709 1786 ²)
733 1706 922 1791 probatur:

471 1829 525 1895 σοὶ
547 1833 594 1916 τῷ
615 1826 752 1895 πάντων
772 1829 919 1913 μεδέονιι
940 1826 1018 1917 χοὴν

470 1940 613 2007 πέλανον
633 1966 668 2007 σε
691 1940 788 2029 φέρω,
812 1943 892 2020 Ζεὺς
915 1934 975 2007 εἴτ’
1002 1943 1114 2028 Λῗδης

472 2043 706 2137 ὀνομαζόμενος
729 2051 870 2140 σσέργεις
894 2109 1095 2122 .......

288 2182 496 2269 Sequuntur
518 2185 641 2267 verba,
665 2185 797 2270 quibus
814 2205 836 2250 a
852 2184 919 2252 deo
940 2185 1082 2271 petitur,
1106 2187 1146 2248 ut
1159 2184 1386 2249 mortuorum

200 2294 344 2361 animas
368 2294 416 2360 ad
438 2294 558 2361 luoem
580 2296 707 2361 mittat.
747 2295 827 2362 Iam
849 2315 936 2362 vero
960 2295 1053 2361 alius
1075 2292 1263 2380 Euripidis
1285 2291 1387 2358 loeus

201 2404 361 2487 aooedit,
394 2424 465 2490 quo
499 2404 785 2488 demonstratur,
823 2410 968 2491 poetam
998 2404 1068 2472 hae
1101 2425 1188 2472 vooe
1220 2393 1388 2476 ἄσπονδος

201 2515 331 2582 eodem
353 2514 462 2580 modo
486 2535 594 2581 usum
617 2535 695 2582 esse
717 2514 848 2583 Electr.
874 2535 924 2583 vs.
951 2520 1026 2583 905:

406 2629 473 2725 λέγ’
499 2636 532 2705 εἴ
550 2665 583 2705 τι
604 2636 738 2728 χρῄζεις,
762 2637 907 2727 σύγγον’·
932 2632 1131 2707 ἀσπόνδοισι
1155 2635 1216 2725 γοὶρ

404 2745 553 2832 νόμοισιν
576 2747 699 2837 ἔχθραν
723 2753 802 2838 ugido
825 2747 1132 2839 σι·γιβεβλήκαμεν.3)

288 2881 423 2964 Restat,
447 2885 487 2948 ut
509 2902 628 2969 pauca
651 2883 786 2951 addam
803 2885 848 2950 de
864 2882 1054 2970 Sophoclis
1074 2882 1291 2950 scholiastae
1306 2881 1386 2948 loco

202 2994 259 3061 ad.
286 2992 372 3060 Oed.
391 2991 466 3059 Col.
483 3013 535 3060 vs.
555 2998 624 3061 100.
670 2994 769 3062 Nam
791 2999 984 3082 postquam
1007 2995 1051 3062 de
1074 2995 1118 3061 iis
1140 2993 1386 3073 libationibus

200 3123 294 3191 quas
317 3098 464 3188 νηφάλια
489 3110 621 3173 vocant
644 3104 776 3173 Graeoi
797 3107 980 3188 disseruit,
1004 3100 1069 3169 εἰσὶ
1091 3102 1128 3168 δέ
1144 3126 1236 3180 τινες,
1260 3104 1386 3190 inquit,

202 3206 367 3280 ἄσπονδοι
393 3211 515 3279 θυσίαι
542 3212 628 3279 κατὰ
656 3210 751 3302 τέχην
776 3211 825 3294 εἰς
851 3212 931 3294 ἕλος
957 3216 1195 3301 προελθοῦσαι.
1247 3215 1386 3295 Quibus

202 3327 384 3395 συνουσία
401 3326 737 3413 Ste11geliudioat‚⁴)
761 3322 846 3390 κατὰ
869 3321 965 3414 τύχην
986 3349 1061 3396 non
1083 3348 1161 3396 esse
1183 3326 1386 3411 intelligen-

201 3439 291 3506 dum
327 3439 463 3523 auffillip
500 3440 563 3505 sed
600 3447 693 3505 anter
726 3443 878 3524 periisset
923 3441 1136 3523 Umstdadea‚
1180 3439 1386 3526 oppositum

202 3551 285 3617 vooi
306 3543 392 3612 κατὰ
423 3543 528 3630 νόμον.
575 3551 680 3630 Quod
709 3551 878 3618 sacrificii
902 3570 1017 3634 genus
1040 3551 1087 3618 ad
1110 3549 1256 3636 piacula
1278 3549 1387 3617 refert

202 3659 262 3727 ille
294 3682 324 3725 v.
357 3661 401 3743 d,
433 3660 472 3727 id
504 3661 603 3746 quod
632 3681 705 3727 non
737 3661 817 3727 fieri
847 3680 953 3747 posse
984 3681 1095 3747 supra
1128 3661 1384 3728 demonstravi.

201 3769 301 3849 Quid
327 3771 439 3838 velint
467 3770 683 3838 scholiastae
708 3773 834 3853 verba,
867 3775 1024 3838 statuere
1051 3791 1123 3838 non
1147 3773 1280 3853 ausim;
1316 3770 1386 3838 hoo

202 3884 325 3948 autem
348 3883 545 3950 tenendum
569 3902 647 3949 esse
670 3902 808 3966 censeo,
832 3882 897 3949 illa
919 3885 1082 3968 spectare
1101 3882 1147 3949 ad
1163 3882 1386 3968 singularem

203 3992 388 4078 quendam
412 4013 548 4060 casum.

292 4193 310 4255 ¹)
329 4189 369 4245 Cf.
387 4187 451 4242 llur.
470 4187 568 4243 Phoen.
588 4206 625 4243 vs.
644 4190 694 4244 933
714 4207 770 4259 sqq.

289 4276 310 4340 ²)
329 4275 384 4328 Ino.
401 4274 454 4328 fab.
473 4275 505 4327 fr.
523 4275 574 4328 912
592 4276 662 4344 apud
680 4274 843 4329 Nauokium:
863 4277 957 4345 fragm.
975 4279 1045 4343 trag.
1063 4277 1115 4344 gr.²
1133 4294 1159 4346 p.
1177 4277 1236 4329 655.

289 4360 310 4421 ³)
330 4358 368 4414 Cf.
387 4360 457 4414 Plut.
477 4360 569 4414 Periol.
588 4361 629 4414 30.
648 4360 730 4414 Thuo.
748 4360 797 4416 111.
817 4362 874 4415 lll.
895 4362 998 4415 113-1.
1018 4363 1060 4415 57.
1078 4361 1214 4415 Demosth.
1235 4361 1275 4425 18,
1293 4361 1351 4414 232.

256 4478 261 4484 -
298 4447 316 4508 ⁶)
334 4445 446 4500 Hermes
464 4445 549 4499 XXII.
569 4463 594 4516 p.
613 4447 739 4500 645—48.
