3316 5200
735 460 946 523 ..46-

249 649 371 714 tamen
396 646 562 733 pluribus
589 647 679 713 loeis
706 645 825 732 prima
846 648 999 713 vocatur
1026 665 1140 712 coena
1161 645 1273 712 finita.
1319 645 1437 712 Athe-

248 777 362 824 naeus
384 755 587 824 Philonidis
610 757 724 824 verba
749 756 874 824 tradit:
906 756 953 841 τῴ
979 752 1016 819 δὲ
1042 749 1125 837 μετὰ
1152 755 1287 820 δεῖπνον
1314 778 1436 840 κεκρα-

249 863 335 951 μένῳ
356 861 478 951 πρώτῳ
493 863 738 950 προσδιδομένῳ
755 860 903 951 ποτηρίῳ
918 861 986 930 Δία
1006 866 1136 951 σωτῆρα
1153 860 1352 951 ἐπιλέγουσι.
1372 917 1378 929 .
1398 916 1404 929 .
1424 917 1431 930 .

249 976 301 1046 Of.
325 977 529 1046 Diodorum
552 977 628 1061 (IV,
653 979 699 1060 3);
732 981 839 1064 atque
865 977 1087 1062 Antiphanis
1114 978 1245 1046 oonfioi
1271 997 1399 1046 versus
1410 979 1431 1061 ¹)

248 1109 321 1156 non
355 1089 460 1156 aliter
489 1089 716 1173 intelligendi
746 1092 839 1155 sunt.
871 1126 914 1133 —
945 1087 1018 1157 Sed
1045 1092 1188 1155 exstant
1213 1089 1432 1172 testimonia,

249 1200 381 1287 quibus
411 1199 502 1268 haec
534 1201 781 1267 controversia
815 1200 983 1285 componi
1013 1200 1134 1286 possit.
1188 1198 1286 1266 Nam
1317 1199 1432 1267 Athe-

247 1330 361 1378 naeus
373 1310 430 1390 (Π.
441 1331 474 1398 p.
486 1313 536 1377 38.
547 1309 605 1393 D.)
629 1308 889 1377 Philochorum
903 1310 1059 1377 laudans
1074 1309 1166 1377 haec
1182 1310 1282 1378 dicit:
1306 1332 1431 1391 προσε-

247 1417 392 1505 πιλέγειν
407 1417 443 1485 δὲ
457 1410 560 1505 τούτῳ
576 1420 638 1506 (so.
650 1415 815 1504 Διονύσῳ)
830 1414 869 1484 τδ
884 1421 942 1483 τοῦ
951 1415 1033 1496 Διδς
1051 1431 1192 1506 σωτῆρος
1208 1410 1319 1502 ὄνομα,
1336 1420 1430 1484 διδα-

247 1542 303 1618 χης
323 1528 382 1595 καί
403 1524 531 1617 μνήμης
552 1527 645 1595 ἕνεκα
667 1531 732 1626 τῷν
754 1523 931 1610 πινόντων,
955 1520 1004 1594 ὅτι
1030 1521 1114 1595 οὕτω
1140 1525 1291 1605 πίνοντες
1314 1519 1431 1614 οἶσῳα-

249 1642 312 1719 λῶς
348 1636 568 1728 σωθήσονται.
614 1643 735 1710 Etiam
771 1645 890 1729 magis
927 1644 998 1709 huo
1036 1643 1219 1729 quadrant
1255 1642 1394 1729 Diphili
1403 1643 1432 1725 ·-’)

248 1773 389 1822 versus:

450 1861 624 1955 Ἀρχίλοχε,
648 1869 741 1949 δέξαι
762 1865 856 1958 τήνδε
877 1872 934 1958 την
955 1867 1195 1957 μετανιπτρίδα

452 1984 571 2070 μεστὴν
592 1978 672 2060 Διὸς
695 1994 845 2070 σωτῆρος,
866 1972 1018 2066 Ἀγαθοῦ
1039 1978 1203 2065 δαίμονος.

335 2117 415 2200 Qua
436 2142 476 2188 re
498 2122 657 2207 primum
679 2121 828 2207 probari
850 2140 989 2205 censeo,
1011 2121 1162 2188 vocibus
1183 2109 1334 2201 Ἀγαθοῢ
1357 2117 1433 2184 δαί-

248 2253 345 2312 μονος
373 2252 413 2298 re
441 2252 528 2299 vera
553 2231 740 2298 Baoohum
772 2233 819 2298 ab
843 2231 1031 2299 Athenaeo
1063 2231 1308 2316 significatum
1338 2252 1430 2317 esse,

247 2345 325 2409 tum
347 2342 469 2429 aliquo
492 2346 652 2429 tempore
675 2342 767 2409 duas
789 2343 872 2409 illas
887 2342 1077 2410 libationes
1099 2330 1250 2425 Ἀγαθοῦ
1272 2337 1431 2424 δαίμονος

247 2456 282 2520 et
303 2447 384 2528 Διὸς
406 2453 549 2534 σωτῆρος
569 2454 716 2520 ineunte
739 2454 906 2520 convivio
930 2454 1141 2520 coniunctas
1164 2453 1285 2520 fuisse.
1324 2452 1428 2534 Quae

248 2585 332 2632 oum
351 2564 404 2630 ita
425 2565 497 2630 sint
510 2563 580 2631 hoo
596 2565 724 2631 eodem
738 2567 899 2650 tempore
914 2563 1066 2650 triplicis
1081 2563 1265 2631 libationis
1281 2565 1428 2632 tertiam

247 2668 328 2762 Διὸς
345 2668 467 2738 τελείου
489 2678 658 2743 vocatam
680 2694 757 2742 esse
781 2675 967 2742 coniciam.
1007 2671 1126 2753 Quam
1140 2675 1319 2761 triplicem
1333 2674 1428 2742 liba-

245 2786 381 2853 tionem
406 2786 573 2853 ultimam
599 2786 758 2852 convivii
785 2786 891 2852 certis
915 2786 1138 2871 temporibus
1161 2785 1314 2852 effusam
1336 2803 1427 2870 esse,

246 2901 334 2964 teste
355 2895 628 2983 Xenophonte³)
655 2897 844 2982 probatur:
876 2892 967 2972 τέλος
993 2893 1029 2959 δὲ
1055 2890 1115 2972 τοὶς
1140 2892 1252 2981 τρίτας
1278 2891 1428 2972 σπονδὰς

246 3000 443 3090 ποιήσαντες
469 3004 526 3069 καί
554 2995 720 3088 εἰξάμενοι
745 3009 816 3082 τοῖς
839 3007 933 3080 θεοῖς
958 2994 1126 3090 τ’ἆγαθιί,
1157 3008 1215 3092 τὴν
1236 3007 1352 3093 σκηνὴν
1378 3001 1427 3082 είς

246 3112 357 3204 κοίτην
378 3113 513 3181 διέλυον.
539 3154 578 3163 -
602 3116 715 3185 Porro
739 3117 998 3201 Athenaeus,⁴)
1020 3117 1111 3185 haee
1135 3117 1235 3186 dioit:
1269 3112 1427 3181 ἔσπενδον

247 3225 282 3292 δὲ
313 3216 383 3293 διπδ
415 3229 479 3292 τῶν
509 3224 651 3292 δείπνων
681 3218 871 3304 ἀναλύοντες
902 3225 961 3290 καί
991 3222 1050 3303 τοὶς
1077 3223 1224 3304 σπονδὰς
1250 3224 1425 3292 ἐποιοῦντο

243 3329 341 3426 Ἑρμῇ
362 3337 420 3402 καί
443 3337 511 3419 οὐχ,
543 3329 587 3416 ὡς
608 3339 746 3424 ὕστερον,
770 3336 829 3403 Διί
855 3333 978 3423 τελείῳ).
1023 3338 1108 3405 Non
1136 3339 1296 3407 dubitari
1317 3359 1425 3426 posse

245 3455 346 3539 puto,
368 3452 627 3538 posterioribus
649 3451 872 3537 temporibus
894 3449 990 3517 hano
1012 3449 1191 3536 triplicem
1213 3449 1426 3518 libationem

246 3567 397 3631 exeunte
420 3563 586 3630 convivio
608 3563 647 3629 in
669 3582 739 3629 usu
760 3562 885 3644 fuisse,
912 3565 953 3628 ut
974 3561 1100 3646 σπονδὴ
1123 3559 1204 3636 Διὸς
1225 3555 1346 3625 τελείου
1368 3561 1425 3629 ul-

245 3676 334 3741 tima
355 3675 463 3741 fuerit
485 3663 651 3741 eonvivii.
688 3675 809 3740 Antea
829 3672 996 3739 ultimam
1014 3672 1225 3739 libationem
1241 3673 1424 3740 Mercurio

246 3787 406 3854 oblatam
428 3806 513 3854 oum
538 3786 673 3871 linguis
697 3786 894 3852 combustis
918 3785 1149 3851 coniunctam
1176 3784 1287 3851 fuisse
1308 3804 1424 3871 usque

245 3897 293 3964 ad
315 3896 384 3965 hoo
406 3901 549 3983 tempus
577 3916 700 3963 omnes
723 3917 780 3961 vv,
807 3895 866 3962 dd.
895 3896 1031 3981 opinati
1054 3898 1146 3961 sunt.
1193 3896 1243 3961 At
1264 3894 1423 3980 Stengel,

333 4121 340 4151 ¹
369 4119 450 4171 Koolr.
467 4117 503 4170 ΙΙ,
521 4135 545 4188 p.
564 4117 605 4170 82.
625 4135 650 4170 n.
671 4117 729 4169 174.

330 4221 351 4288 ί)
369 4221 449 4275 Koek.
468 4221 502 4273 Il.
521 4238 546 4290 p.
565 4220 623 4274 564.
643 4237 668 4273 n.
687 4220 727 4272 69.

329 4323 351 4392 3)
370 4323 462 4394 Cyrop.
481 4322 515 4374 ll.
534 4322 558 4376 3.
579 4323 600 4375 1.

329 4429 350 4493 ⁴)
369 4426 389 4481 1.
408 4444 433 4496 p.
453 4427 486 4478 16
503 4425 533 4478 Β.
