3316 5200
778 472 988 536 ..36-

293 648 439 740 νάμφοις
454 653 490 720 οὐ
504 650 690 736 νομίζουσιν
706 646 801 735 οἶνον,
825 653 898 720 οὐδὲ·
919 657 994 732 ταῖς
1009 650 1212 732 Δεσποίναις
1226 655 1378 721 σπένδειν
1402 712 1408 724 .
1434 712 1439 723 .
1465 713 1470 724 .

291 766 332 834 E.
357 765 504 834 Curtius
512 766 536 848 ¹)
563 787 705 835 summo
728 768 806 834 iure
828 768 974 855 premit,
1006 767 1104 835 huno
1126 767 1373 855 nympharum
1400 769 1473 836 cul-

292 880 371 945 tum
387 878 680 966 antiquissimum
689 878 800 945 fuisse
815 898 858 946 ao
873 868 1041 964 priorem,
1058 899 1168 966 quam
1185 879 1336 946 deorum
1352 878 1481 966 Olym,

292 990 437 1076 piorum
452 989 675 1074 religionem,
698 989 761 1076 qui
775 989 889 1066 multi,
912 991 1106 1076 postquam
1124 991 1164 1056 in
1180 989 1374 1058 Graeciam
1395 1011 1473 1077 per-

293 1103 483 1184 venerunt,
506 1099 607 1167 initio
624 1120 707 1168 cum
722 1099 892 1186 nymphis
915 1101 1098 1168 coniuncti
1119 1102 1361 1168 inveniuntur.
1407 1101 1474 1169 His

294 1211 403 1278 rebus
427 1211 663 1278 consideratis
685 1210 791 1278 facile
813 1211 1040 1296 intelligitur,
1065 1212 1153 1298 quid
1177 1213 1231 1294 sit,
1255 1233 1321 1279 cur
1342 1212 1475 1280 talibus

295 1322 504 1389 numinibus
527 1323 750 1408 perantiquis
772 1322 886 1388 multo
908 1323 1102 1409 posthaec
1129 1323 1310 1390 sacrificia
1331 1315 1475 1408 νηφάλια

296 1431 534 1500 adhaeserint.
561 1432 763 1499 -Eodem
794 1432 902 1499 modo
934 1452 1012 1500 sese
1033 1432 1170 1501 habent
1199 1433 1292 1500 lucis
1314 1435 1475 1517 numina,

296 1543 428 1629 quibus
459 1535 602 1627 νηφάλια
635 1542 757 1610 oblata
788 1562 865 1609 esse
895 1542 1045 1610 ‘Polemo
1081 1543 1198 1611 refert.
1251 1543 1332 1611 Iam
1367 1565 1478 1632 supra

298 1652 402 1719 attuli
423 1652 709 1739 inscriptionem,
732 1653 771 1719 in
794 1673 868 1740 qua
889 1651 967 1721 Soli
993 1657 1028 1720 et
1049 1653 1310 1740 Mnemosynae
1333 1653 1477 1741 νηφάλια

295 1764 396 1831 fiunt.
441 1763 665 1830 Addendum
688 1767 754 1846 est,
787 1784 879 1851 quae
906 1763 1043 1851 profert
1064 1765 1307 1850 Athenaeum)
1339 1765 1478 1852 ePhy-

295 1872 412 1942 larchi
443 1874 586 1961 scriptis
608 1873 798 1941 hauriens:
830 1870 925 1959 παρά
957 1871 992 1938 δὲ
1018 1865 1266 1963 τοῖςΓἘλλησιν
1287 1872 1318 1940 οἱ
1342 1871 1480 1954 θύοντες

296 1985 343 2069 τηῖ
367 1973 485 2069 Ἡλίῳ,
518 1974 562 2060 ὥς
588 2005 671 2070 φησι
698 1979 870 2069 Φάλαρχος
899 1982 934 2049 έν
963 1986 1003 2072 τῇ
1029 1981 1195 2074 δωδεκάτη
1227 1989 1291 2052 τῶν
1314 1983 1479 2073 ἱστοριῶν,

296 2091 371 2176 μέλι
394 2090 603 2173 σπένδουσιν,
635 2085 723 2159 οἶνον
750 2093 786 2159 οὐ
808 2093 958 2180 φέροντες
982 2099 1053 2174 τοῖς
1074 2099 1211 2180 βωμοῖς,
1243 2099 1311 2163 δεῖν
1336 2095 1481 2184 λέγοντες

297 2199 353 2270 τὸν
382 2199 423 2270 τοὶ
447 2194 506 2269 tta
529 2202 700 2284 συνέχοντα
722 2203 779 2270 καὶ
809 2206 1048 2290 διακρατοῦντα
1071 2203 1152 2273 θεὸν
1180 2207 1238 2273 καὶ
1261 2199 1323 2274 ἀεὶ,
1338 2233 1481 2292 περιπο-

297 2309 431 2380 λειόντα
450 2311 506 2380 τὸν
527 2309 650 2400 κέσμον
672 2307 842 2399 ἀλλότριον
868 2308 953 2382 εἶναι
980 2316 1097 2404 μέθης.
1142 2319 1247 2402 Quod
1274 2321 1344 2390 hoc
1370 2323 1481 2390 modo

297 2429 424 2496 fictum
447 2447 525 2494 esse
545 2449 616 2494 non
633 2432 708 2495 tarn
724 2429 772 2495 ad
788 2429 926 2497 cultum
942 2432 1236 2518 antiquissimum
1255 2432 1349 2502 Solis
1372 2435 1481 2502 inter·

299 2538 526 2625 pretandum,
551 2539 725 2626 quemad
748 2539 807 2607 dei
822 2541 1039 2625 gravitatem
1055 2542 1337 2627 significandam
1358 2547 1481 2630 patere

299 2647 389 2716 mihi
410 2649 561 2716 videtur.

384 2757 522 2842 Restat,
548 2762 590 2826 ut
612 2760 814 2847 disputetur
836 2761 881 2828 de
913 2763 994 2830 aliis
1017 2764 1237 2850 quibusdam
1258 2768 1481 2850 numinibus

300 2871 432 2957 quibus
446 2862 592 2954 νηφάλια
602 2871 723 2938 offerri
732 2872 897 2939 traditur.
922 2855 1033 2959 Apud
1048 2874 1282 2943 Polemonem
1297 2879 1430 2944 mentio
1440 2877 1482 2944 fit

303 2979 456 3048 Veneris
478 2979 647 3058 Uraniae,
671 2983 715 3049 de
739 3003 812 3070 qua
835 2984 904 3051 dea
925 2984 1024 3052 idem
1046 2988 1171 3053 testari
1192 2987 1337 3055 videtur
1351 2988 1481 3077 Empe-

304 3090 468 3173 docleS,³)
492 3093 553 3177 qui
575 3091 666 3159 haec
688 3093 788 3160 dicit:
1053 3087 1055 3092 ’

811 3231 944 3323 Κύπρις
956 3233 1129 3322 Ιβασίλεια,

429 3339 487 3430 τὴν
509 3333 573 3429 οἵγ’
598 3344 798 3428 εὐσεβέεσσιν
820 3336 1008 3433 ἀγάλμασιν
1030 3345 1219 3416 ἱλάσκονται

333 3473 337 3482 ·
429 3459 589 3540 γραπτοῖς
611 3455 647 3521 δὲ
668 3451 800 3536 ζώοισιν
822 3453 956 3543 μύροισί
977 3485 1012 3526 τε
1034 3458 1285 3546 δαιδαλεόδμοις

431 3561 572 3653 σμάρνης
594 3555 624 3630 τ’
651 3557 790 3654 σἰκριζτου
812 3567 960 3651 θυσιάις,
983 3567 1119 3654 λιβάνου
1141 3597 1176 3639 τε
1197 3572 1346 3653 θυώδους

430 3679 564 3755 ξανθῶν
584 3701 620 3743 τε
641 3673 788 3754 σπονδάς
810 3677 951 3762 μελίτων
972 3671 1197 3768 ῥίπτοντεςές
1219 3673 1327 3762 οἶδας.

387 3815 443 3882 De
465 3815 535 3883 hac
559 3817 779 3884 caerimonia
800 3818 948 3904 unger)
970 3820 1040 3889 hoc
1063 3823 1171 3889 modo
1194 3824 1344 3893 iudicat:
1376 3826 1484 3893 Weiu·

304 3927 366 3991 lose
391 3925 503 4010 Opfer,
526 3920 670 4012 νηφάλια
695 3922 775 4012 ἱερά,
798 3933 920 3996 wadon
941 3934 995 3997 ι’λν
1016 3933 1066 3998 als
1086 3934 1320 4019 sutnqottteu,
1341 3941 1398 4004 ιολε
1424 3940 1485 4004 δαν

393 4096 411 4162 ¹)
430 4097 447 4149 l⁴
476 4114 495 4149 c.
525 4095 646 4164 (Studien
673 4116 694 4152 τ.
723 4097 815 4154 Gesch.
843 4099 890 4153 des
916 4101 1014 4168 griech.
1042 4101 1162 4174 Olymps)
1193 4122 1218 4174 p.
1247 4106 1321 4159 1142.
1350 4108 1422 4162 1143.
1450 4109 1483 4162 cf.

309 4182 419 4234 Hermes
437 4182 507 4234 XXI.
526 4200 551 4252 p.
571 4183 622 4236 200
639 4200 697 4253 sqq.

393 4269 415 4332 9)
432 4269 489 4320 XV.
509 4285 534 4338 p.
555 4269 605 4323 693
623 4268 652 4322 E.

393 4352 415 4414 ³)
433 4353 502 4421 apud
520 4354 617 4407 Athen.
635 4355 694 4407 XII⁴
714 4373 739 4424 p.
758 4355 858 4409 5101).

391 4439 412 4500 Α)
431 4437 566 4507 ‚,K5pros“
584 4439 682 4494 Berlin.
702 4440 776 4493 1841.
795 4441 828 4493 ll.
848 4458 873 4509 p.
894 4442 950 4496 153.
