3316 5200
757 459 970 522 ..28-

273 643 339 723 (vs.
370 645 454 718 ata).
503 640 642 721 Quibus
675 663 720 708 ex
751 643 860 710 rebus
892 641 1051 710 dilucide
1083 644 1250 728 apparet,
1284 641 1457 708 animalia

273 773 347 820 non
379 752 545 819 adhiberi
575 753 646 819 nisi
677 756 715 818 ut
747 754 896 838 sanguis
924 753 1145 834 effundatur3
1182 754 1263 839 ipsa
1294 772 1456 838 corpora,

273 883 367 950 quae
394 863 464 930 hac
492 865 529 930 in
551 885 590 930 re
617 863 708 932 nibil
731 865 867 948 valent,
900 865 1021 951 aliquo
1048 864 1158 931 modo
1186 863 1455 948 sufferentem

274 974 312 1041 id
336 974 435 1060 quod
457 974 628 1042 facillime
651 975 729 1042 fieri
751 976 868 1061 potuit
891 976 1147 1042 combustione.
1186 974 1315 1061 Itaque
1332 975 1456 1042 verisi-

273 1083 470 1152 millimum
492 1089 593 1170 puto,
624 1086 885 1172 posterioribus
909 1087 1133 1172 temporibus
1163 1105 1316 1172 corpora
1337 1105 1411 1152 non
1434 1105 1456 1150 a

272 1195 443 1263 sacrificii
465 1195 545 1262 loco
568 1199 707 1263 remota
733 1200 929 1283 posteaque
958 1197 1147 1264 combusta
1169 1216 1261 1280 esse,
1298 1196 1365 1264 sed
1387 1196 1455 1264 hoc

271 1307 343 1392 ipsi
372 1308 613 1374 caerimoniae
645 1307 809 1374 additum
839 1326 926 1375 esse.
981 1307 1133 1376 Accedit
1164 1328 1321 1394 quoque,
1358 1308 1456 1394 quod

272 1418 349 1502 igni
365 1418 439 1484 vim
454 1417 635 1485 lustrandi
658 1421 692 1485 et
713 1418 897 1504 purgandi
918 1419 1036 1486 inesse
1052 1419 1296 1504 opinabantur
1313 1416 1452 1485 Graeci.

271 1527 345 1596 Sed
368 1548 440 1594 non
464 1529 582 1595 solum
604 1530 642 1595 in
665 1531 874 1596 coniectura
895 1530 1005 1612 nitar,
1030 1549 1113 1596 cum
1137 1529 1351 1595 animalium
1374 1549 1456 1595 san-

271 1639 421 1724 guinem
452 1639 491 1705 in
520 1640 599 1706 iure
630 1639 785 1706 iurando
817 1640 973 1707 effusum
1004 1640 1216 1706 libationem
1246 1639 1456 1707 habendam

270 1768 350 1816 esse
373 1750 560 1817 contendo.
603 1749 701 1817 Nam
728 1752 765 1817 in
788 1750 1022 1836 inscriptione
1049 1750 1113 1817 illa
1134 1750 1364 1817 Andaniensi
1385 1748 1455 1818 hoc

272 1861 538 1947 praecipitu1·:‘²)
579 1858 664 1943 Περὶ
702 1854 807 1944 {chria
842 1858 900 1923 aci
937 1855 1035 1943 ἱερᾶν.
1083 1849 1123 1925 tO
1154 1860 1359 1944 γραμματεὺς
1390 1860 1454 1921 τῶν

272 1967 430 2051 συνέδρων
451 1971 525 2047 τοὺς
548 1968 743 2058 γενηθέντας
766 1965 869 2054 ἱεροὺς
885 1962 1053 2054 ὁρκιξάτιυ,
1078 1961 1124 2052 dp
1139 1968 1249 2056 μήτις
1271 1960 1453 2054 ἀρριυο[τεῖ,

271 2075 379 2165 Συρίην
406 2081 600 2163 καιομένων,
634 2071 734 2164 αἷμα
756 2080 822 2146 καὶ
856 2074 962 2147 οἶνον
984 2080 1239 2161 σπένδοντας,
1275 2082 1332 2146 τὸν
1363 2073 1456 2164 ἵρκον

272 2186 326 2255 cdv
348 2193 642 2276 ὑπογεγραμμένον·
655 2195 680 2275 ³)
704 2243 873 2260 ......

359 2305 488 2392 ltaque
511 2305 753 2374 dubitandum
780 2326 854 2372 uon
882 2325 959 2372 esse
984 2307 1125 2391 opinor,
1154 2307 1242 2392 quin
1270 2308 1398 2372 vinum
1421 2309 1455 2372 et

270 2416 420 2500 sanguis
436 2416 594 2502 primum
610 2416 756 2502 quidem
777 2416 891 2482 effusa
913 2417 993 2499 sint,
1017 2419 1057 2482 ut
1076 2416 1284 2483 alliciantur
1299 2416 1368 2499 dei,
1391 2416 1454 2502 qui

271 2525 393 2592 adsint
424 2527 674 2594 caerimoniae.
713 2527 833 2612 Atque
855 2525 1007 2593 Homeri
1034 2528 1199 2594 carmina
1224 2526 1281 2593 his
1309 2547 1452 2613 quoque

271 2639 309 2703 iu
331 2638 440 2705 rebus
463 2657 535 2704 non
558 2639 677 2723 prima
698 2637 807 2704 huius
829 2638 882 2704 rei
897 2638 1052 2722 vestigia
1073 2639 1247 2724 praebere
1262 2638 1333 2704 viri
1356 2638 1452 2704 docti

271 2747 472 2833 intelligere
500 2751 703 2834 coeperunt.
748 2747 847 2815 Nam
868 2749 907 2814 in
929 2749 1056 2835 primis
1085 2748 1171 2814 deos
1197 2748 1332 2815 inferos
1355 2748 1451 2815 solos

269 2858 355 2925 huic
387 2860 628 2926 caerimoniae
665 2859 791 2926 adesse
829 2860 1029 2945 oportebat,
1071 2861 1112 2924 ut
1152 2858 1258 2926 facile
1295 2859 1449 2943 intelligi

269 2971 391 3057 possit,
416 2970 604 3055 sanguinis
627 2970 818 3036 libationes
842 2973 876 3036 et
899 2970 1039 3037 sobrias
1055 2970 1192 3055 primas
1208 2989 1286 3036 esse
1309 2968 1450 3036 adhibi-

269 3083 341 3162 tas3
364 3084 498 3167 postea,
523 3100 607 3147 cum
630 3079 716 3147 deos
733 3100 875 3167 quoque
899 3099 1048 3167 superos
1063 3079 1135 3146 iuri
1150 3080 1304 3147 iurando
1324 3080 1451 3147 adesse

270 3190 380 3258 vellet
401 3190 542 3276 religi0‚
575 3191 651 3258 vini
681 3191 872 3258 libationes
902 3190 1047 3257 additae
1071 3195 1162 3257 sunt.
1187 3227 1229 3237 -
1251 3190 1342 3257 Tum
1364 3211 1450 3259 vero

269 3301 340 3368 alio
374 3321 482 3368 sensu
514 3300 646 3369 Graeci
669 3321 706 3368 se
737 3302 835 3387 ipsos
867 3304 1095 3368 exsecrantes
1122 3302 1204 3367 vino
1236 3301 1385 3369 libando
1413 3303 1450 3367 in

266 3432 349 3478 eam
372 3413 626 3497 cogitationem
641 3411 857 3493 inciderunt,
882 3415 921 3476 ut
942 3411 1116 3478 dicerent:
1139 3395 1202 3475 ὧδὲ
1226 3400 1285 3496 σφ’
1310 3405 1450 3497 irripe-

266 3521 322 3598 λος
342 3515 485 3602 χαμάδις
506 3519 583 3604 ῥέοι,
608 3511 651 3596 ὡς
674 3511 728 3586 ὅδε
751 3511 846 3598 οἶνος.
871 3559 910 3569 -
935 3519 1054 3601 Quam
1077 3523 1284 3609 opinionem
1303 3543 1346 3590 ea
1362 3544 1450 3610 quo-

267 3805 318 3842 non
336 3786 370 3840 ad
390 3783 561 3858 στομάχους,
589 3787 635 3841 sed
653 3786 687 3840 ad
705 3782 801 3857 ἀρνῶν
820 3786 964 3840 ducendam
982 3803 1039 3840 esse
1057 3786 1118 3840 hinc
1142 3792 1265 3858 apparet,
1288 3787 1359 3856 quod
1377 3788 1449 3841 addi-

267 3877 314 3928 tur
332 3868 541 3942 ἀσπαίροντας,
560 3875 658 3940 θυμοῦ
675 3869 858 3939 δευομένους,
877 3873 906 3926 id
924 3872 995 3941 quod
1007 3888 1058 3926 non
1077 3872 1129 3926 dici
1147 3876 1242 3942 potest,
1265 3873 1317 3926 nisi
1335 3873 1449 3944 deipsis

266 3960 372 4013 ovibus.

354 4063 372 4126 ’γ
391 4059 510 4130 Stengel:
528 4061 614 4115 Jahns
631 4061 724 4115 Jahrb.
745 4060 818 4115 1883,
838 4079 862 4131 p.
882 4060 969 4127 377!ss⁴
989 4061 1058 4116 tales
1080 4061 1229 4131 composuit
1252 4061 1329 4118 locos.
1353 4062 1449 4131 quibus

268 4148 480 4204 demonstratur,
510 4163 618 4216 corpora
649 4147 815 4210 animalium,
847 4162 958 4215 quorum
988 4145 1098 4214 sanguis
1129 4146 1243 4212 effluxit,
1273 4146 1345 4200 vario
1374 4147 1449 4201 modo

268 4233 362 4288 ablata
379 4249 445 4287 esse.
481 4231 520 4286 Cf.
540 4231 707 4287 Grierhische
725 4231 909 4286 Sabralaltert.
928 4249 953 4301 p.
971 4232 1013 4285 96.
1272 4231 1277 4241 “

352 4335 374 4402 ²)
392 4334 431 4391 Cf.
451 4335 649 4404 Dittenberget:
669 4333 775 4405 Sylloge
792 4335 914 4403 inscript.
933 4351 1018 4404 graec.
1040 4352 1065 4388 n.
1084 4335 1173 4396 388,2
1191 4352 1216 4405 p.
1235 4336 1294 4389 567.

245 4461 254 4486 ν
298 4461 300 4466 ’
353 4439 374 4506 ³)
394 4439 434 4496 Cf.
455 4435 534 4493 Paus.
553 4437 628 4492 v111.
646 4438 669 4492 2.
688 4439 712 4492 3.
