3316 5200
802 419 1013 482 ..50-

320 599 429 682 cultu,
451 600 547 669 facto
578 603 651 670 foai
673 604 751 688 igni
773 608 881 691 atque
912 607 982 692 ipsi
1003 606 1100 688 fooo,
1132 607 1196 692 qui
1222 610 1349 693 postea
1376 606 1501 673 divina

320 716 438 797 speeie
469 716 632 798 indutus,
666 714 816 784 Graecis
841 705 968 799 Ἑστία,
1000 716 1176 784 Romanis
1218 719 1310 784 Vesta
1343 718 1501 786 celebra-

319 830 436 897 batur.
474 824 571 907 Quin
593 827 702 894 etiam
724 826 825 894 Indis
853 827 991 894 cultum
1012 829 1106 908 ignis
1129 849 1216 915 prae
1239 829 1367 896 ceteris
1394 828 1503 895 iloru·

318 942 390 1007 isse
414 939 563 1019 constat,
586 941 627 1003 ut
648 937 718 1005 hae
734 936 867 1006 Vestae
889 939 1062 1007 libatione
1082 941 1119 1006 in
1144 959 1325 1006 summam
1348 941 1503 1026 antiqui-

318 1054 430 1118 tatem
446 1048 632 1116 ducamur.
657 1046 756 1129 Quas
775 1069 835 1116 res
851 1051 983 1136 optime
1000 1050 1194 1137 explicavit
1208 1049 1332 1118 Fustel
1349 1051 1394 1117 de
1410 1049 1502 1117 Cou-

318 1163 446 1246 langes
468 1182 501 1227 v.
527 1159 560 1227 d.
583 1159 652 1240 (La
676 1161 744 1227 cite
768 1161 914 1247 antique
939 1181 972 1247 p.
997 1162 1064 1243 ab:
1100 1162 1310 1228 Assnre'ment
1336 1163 1381 1226 les
1407 1160 1504 1227 Greas

318 1273 406 1338 n'ont
421 1293 487 1354 pas
513 1273 677 1353 enniana
703 1276 781 1336 cette
806 1272 941 1356 riiipion
964 1293 1029 1338 ann
1050 1272 1212 1355 Hind0n3‚
1234 1275 1270 1338 ni
1293 1273 1336 1338 les
1357 1272 1504 1338 Hindons

320 1405 385 1449 aaa
411 1381 518 1449 Graes.
542 1383 632 1448 Mais
654 1382 698 1448 les
724 1380 834 1463 (ineas,
863 1384 907 1448 les
930 1383 1078 1463 Itaiiens,
1111 1385 1154 1448 ies
1176 1383 1325 1449 Hindons
1352 1391 1503 1466 oppane-

320 1496 431 1560 naient
453 1496 474 1559 ei
495 1515 557 1558 nne
578 1495 676 1558 mima
698 1514 782 1569 naae3
814 1493 899 1558 lenes
921 1497 1075 1574 anetina,
1099 1497 1121 1560 a
1142 1515 1204 1560 nne
1227 1494 1342 1577 epoqne
1363 1492 1434 1587 fort
1455 1516 1525 1576 ne,

321 1607 418 1682 aleo,
441 1607 568 1671 avaient
582 1604 657 1669 ae'en
678 1605 829 1670 ensenble
843 1606 925 1669 alans
948 1606 1047 1671 l'Asie
1069 1606 1215 1672 centrata
1261 1605 1343 1672 O'est
1366 1605 1397 1670 lb
1412 1605 1504 1688 qn'iis

326 1720 454 1783 avaient
477 1737 574 1796 conen
595 1715 727 1780 ct’aborai
748 1735 796 1780 aes
818 1736 984 1799 crepantes
1006 1723 1035 1781 et
1058 1717 1157 1782 ttabii
1178 1737 1227 1782 ees
1248 1718 1335 1782 rites.

407 1825 486 1907 Quo
510 1845 554 1892 ex
577 1824 711 1892 Vestae
733 1825 842 1908 oultu,
865 1846 973 1912 quem
995 1827 1255 1913 antiquissimis
1281 1827 1505 1913 temporibus

322 1936 589 2005 nobilissimum
610 1936 751 2002 familia
770 1936 937 2018 habebat,
960 1937 1052 2004 haee
1075 1958 1218 2025 quoque
1237 1939 1357 2024 prima
1377 1937 1503 2004 libatio

322 2049 429 2116 facile
450 2047 722 2134 interpretanda
743 2049 806 2113 est.
851 2046 948 2113 Nam
976 2048 1065 2115 deae
1087 2052 1128 2115 ut
1153 2052 1235 2116 ante
1259 2067 1411 2115 coenam
1433 2049 1505 2134 pri-

322 2181 404 2228 mae
426 2158 633 2226 saorifioare
656 2157 821 2225 solebant
843 2155 988 2241 Graeci,
1020 2160 1072 2225 ita
1092 2160 1130 2225 in
1154 2159 1320 2226 convivio
1348 2159 1506 2246 primam

323 2271 556 2338 effundebant
585 2269 809 2352 libationem,
842 2289 935 2355 quae
967 2271 1072 2356 quasi
1098 2273 1266 2356 praeerat
1295 2289 1429 2338 coenae
1463 2290 1506 2336 ao

323 2382 499 2448 convivio.
546 2377 627 2459 Qua
650 2379 694 2446 de
721 2399 762 2445 re
784 2378 875 2446 haee
897 2379 1033 2466 profert
1054 2380 1178 2448 Fustel
1212 2381 1257 2447 de
1285 2379 1504 2464 Coulanges:

324 2493 369 2557 Le
399 2510 494 2574 repas
520 2493 599 2556 e'tait
622 2491 711 2556 i'aete
736 2491 891 2572 rilipiena
915 2513 979 2571 par
1001 2492 1178 2557 excellence.
1223 2492 1269 2556 Le
1291 2492 1364 2556 dien
1386 2488 1448 2574 (so.
1470 2490 1504 2557 lo

324 2600 397 2684 feu)
419 2623 440 2684 p
457 2602 625 2683 prisidait.
675 2599 790 2665 O’itait
814 2600 861 2665 ini
883 2602 938 2682 qni
959 2603 1047 2666 avait
1069 2605 1135 2667 enit
1157 2603 1185 2667 ie
1201 2605 1287 2683 pain
1312 2607 1343 2666 et
1363 2603 1506 2683 prepare

324 2719 367 2778 les
394 2713 554 2786 alimenta
586 2713 674 2776 aussi
706 2712 752 2775 ini
774 2713 932 2776 devea-on
962 2732 1024 2776 nne
1043 2713 1151 2794 peiere
1182 2734 1225 2777 an
1252 2717 1506 2777 commenaenient

324 2830 354 2888 et
376 2825 396 2888 a
420 2825 452 2888 ta
472 2826 519 2904 fin
537 2823 580 2887 dn
594 2842 697 2904 nepas.
735 2824 846 2888 Anant
867 2823 905 2887 de
926 2844 1069 2906 nonper,
1092 2845 1133 2889 on
1154 2825 1300 2906 deposait
1322 2843 1379 2888 snr
1401 2822 1508 2888 i’antei

326 2936 371 2999 les
387 2936 544 3015 priminas
565 2935 603 2998 de
626 2935 659 2998 la
680 2935 876 3009 nonrritnra
908 2939 1005 3000 avant
1033 2935 1068 3000 de
1091 2937 1186 3014 boire,
1217 2957 1257 3002 on
1283 2935 1454 3015 repandait
1476 2934 1507 2998 ia

327 3045 459 3110 libation
474 3045 511 3110 de
524 3047 586 3110 ain.
628 3043 743 3110 Oeten
760 3045 793 3109 ia
809 3046 947 3125 partein
962 3045 1052 3124 aaa
1074 3048 1109 3112 et
1124 3045 1195 3111 alio
1210 3045 1291 3112 loeo
1307 3043 1393 3128 (iblr
1414 3044 1508 3110 Dans

328 3162 399 3222 tons
422 3157 465 3220 ies
487 3158 652 3236 sacrifices,
674 3158 772 3220 mima
787 3157 867 3220 dans
882 3177 959 3221 aena
981 3155 1073 3238 qn’on
1088 3155 1213 3239 faisait
1228 3179 1266 3223 en
1288 3159 1451 3223 i'bonnenr
1473 3157 1508 3221 de

328 3267 413 3332 Zens
435 3287 475 3332 on
497 3265 665 3346 eattae,
694 3269 798 3350 e'e'tait
820 3269 960 3347 taajonrs
982 3289 1023 3332 aa
1037 3266 1138 3352 saper
1158 3267 1249 3346 qn’on
1276 3270 1455 3334 addressait
1477 3267 1509 3333 la

321 3379 479 3458 premiere
509 3379 697 3442 invocation.
721 3412 762 3422 -
782 3376 832 3443 At
859 3377 955 3444 ultra
986 3377 1136 3445 modum
1157 3379 1256 3447 idem
1284 3401 1317 3445 v.
1342 3379 1375 3446 d.
1399 3397 1510 3463 vaga·

326 3491 395 3571 tur,
419 3508 512 3570 oum,
539 3488 637 3552 Tanta
652 3487 771 3569 priene,
787 3487 913 3574 inquit,
937 3490 1018 3553 ann
1033 3489 1112 3565 dien,
1135 3491 1206 3572 qnel
1221 3487 1298 3572 qn'il
1313 3486 1383 3572 fat,
1405 3491 1509 3554 deaait

328 3619 518 3664 commences
539 3605 569 3663 et
598 3599 676 3681 finir
701 3619 850 3678 paeane
878 3600 985 3680 priene
1012 3621 1055 3666 aa
1079 3598 1187 3684 fanen
1235 3599 1334 3668 Nam
1364 3601 1402 3667 in
1433 3620 1508 3686 pre·

327 3710 444 3777 cando
476 3709 686 3795 saepissime
721 3709 855 3776 libasse
887 3708 1065 3792 Graecos,
1102 3711 1165 3778 ubi
1201 3712 1353 3799 quisque
1387 3730 1507 3778 versa-

326 3822 444 3904 batur,
467 3839 578 3906 supra
600 3819 888 3886 demonstratum
911 3823 974 3887 est.
1000 3857 1037 3866 -

413 3930 591 3998 Omnibus
606 3930 663 3997 his
686 3930 794 3997 rebus
810 3932 972 3998 mactatis
996 3931 1154 4000 dilucide
1171 3936 1334 4019 apparet,
1358 3935 1507 4018 quanto·

326 4063 411 4128 pere
434 4042 657 4109 variaverint
678 4042 715 4108 in
732 4042 898 4108 convivio
916 4039 1140 4109 Graecorum
1163 4043 1452 4111 eonsuetudines.
1470 4076 1508 4086 -

326 4152 442 4220 Nobis
464 4153 740 4240 inquirentibus,
763 4152 853 4239 quid
874 4152 991 4236 fuerit,
1015 4154 1113 4239 quod
1128 4154 1304 4221 convivae
1326 4153 1399 4220 illis
1424 4152 1508 4232 deis,

327 4264 372 4331 de
405 4266 537 4352 quibus
568 4283 679 4350 supra
706 4263 907 4350 disputavi,
944 4264 1135 4332 libationes
1165 4265 1409 4347 effunderent,
1441 4263 1508 4330 hoo

327 4375 498 4442 occurrit:
536 4375 695 4460 primum
727 4393 790 4440 eae
821 4373 1032 4458 libationes,
1069 4395 1162 4461 quae
1194 4375 1394 4442 offeruntur
1427 4373 1511 4442 Jovi
