3316 5200
780 469 992 531 -20-

296 654 463 740 pitiorem
489 653 579 737 fore,
611 653 718 720 facile
744 654 985 721 demonstrari
1011 656 1136 740 potest.
1182 652 1223 718 E.
1247 671 1279 735 g.
1305 652 1476 718 01111111-

296 764 391 849 pidis
413 763 546 832 Bacch.
571 785 623 832 vs
647 769 687 831 45
711 785 767 850 sq;
794 765 858 832 ubi
880 763 1047 832 Bacchus
1072 764 1171 830 dicit:

385 881 421 969 ὃς
444 893 504 973 (sc.
521 889 685 976 Πένθεος)
702 895 858 973 θεομαχεῖ
874 887 911 956 τὸ
932 879 1007 955 κατ’
1032 889 1088 973 ἐμὲ
1111 888 1168 954 καῖ
1191 891 1343 956 σπονδῶν
1366 882 1434 954 1πο

381 993 468 1068 ὠθεῖ
488 992 525 1085 μ’
550 1001 583 1067 ἐν
600 1003 713 1084 ἐὐχαῖς
733 993 912 1085 τὀἰύαμοῦ
933 999 1047 1084 μνείαν
1068 998 1141 1082 ἔχει.

380 1133 423 1200 ln
448 1133 615 1200 omnibus
638 1135 758 1216 rebus,
782 1153 874 1219 quae
895 1132 1120 1218 periculosae
1135 1132 1362 1215 videbantur,
1385 1131 1475 1198 liba-

296 1244 455 1313 tionibus
477 1245 817 1331 preoatiouibusque
834 1264 856 1310 a
876 1244 942 1311 dec
965 1244 1135 1330 petebant
1158 1241 1299 1325 Graeci,
1322 1246 1363 1309 ut
1385 1263 1476 1329 qnae

294 1355 415 1423 facere
445 1355 682 1422 instituebant
715 1356 807 1422 bene
839 1359 1002 1422 verteret.
1055 1355 1176 1440 Atque
1207 1356 1367 1421 maxime
1395 1374 1477 1420 cum

295 1467 363 1533 iter
385 1469 489 1532 erant
509 1465 642 1534 facturi
657 1466 705 1533 ad
721 1466 859 1534 bellum
873 1464 932 1532 vel
951 1465 1053 1532 aliud
1068 1465 1349 1551 suscipiendum,
1371 1485 1475 1531 num-

296 1596 408 1662 quam
430 1577 533 1644 obliti
555 1581 639 1643 sunt
659 1577 853 1644 libationis.
899 1577 1019 1662 Atque
1041 1576 1209 1662 exempla
1230 1576 1342 1643 habet
1362 1575 1477 1642 multa

295 1686 492 1755 Homerus:
523 1687 672 1771 Hector,
704 1692 897 1774 postquam
923 1689 1017 1754 inter
1043 1706 1205 1774 pugnam
1227 1689 1265 1753 in
1289 1688 1418 1754 urbem
1439 1707 1476 1752 se

296 1799 447 1867 contulit
468 1799 679 1867 libationem
702 1799 854 1865 effundit
872 1799 958 1866 1011
981 1799 1133 1885 aliisque
1159 1799 1246 1882 deis,
1270 1803 1310 1865 ut
1330 1799 1477 1866 illorum

295 1910 408 1979 tutela
428 1910 771 2008 fruaturproelium
791 1911 923 1977 iterum
945 1911 1141 1994 ingressus.
1155 1911 1178 1992 1)
1214 1910 1354 1976 Eodem
1369 1910 1477 1976 modo

294 2020 457 2089 Achilles
479 2021 599 2088 libans
622 2041 645 2088 a
666 2021 758 2088 Jove
780 2021 877 2107 petit,
899 2025 940 2086 ut
962 2020 1152 2087 Patroclus
1176 2022 1291 2087 victor
1313 2042 1332 2088 e
1354 2040 1477 2107 pugna

297 2132 468 2200 discedat.
481 2133 506 2215 2)
543 2132 627 2198 Alio
643 2133 723 2200 1000
731 2133 755 2213 3)
778 2132 943 2216 legimus,
968 2153 990 2198 a
1006 2130 1230 2198 Graecorum
1252 2133 1476 2218 principibus

297 2244 446 2311 oonsilio
470 2248 575 2336 capto
608 2242 804 2328 delegatis
832 2243 879 2309 ad
902 2242 1084 2309 Achillem
1110 2243 1294 2328 mittendis
1318 2243 1356 2309 in
1378 2245 1476 2326 Aga-

297 2354 499 2420 memnonis
521 2355 674 2420 tentorio
690 2353 775 2420 Jovi
796 2352 1008 2420 libationem
1024 2353 1154 2436 offerri,
1177 2357 1218 2418 ut
1233 2355 1356 2420 omnia
1376 2374 1476 2440 pros-

295 2486 380 2548 pere
410 2463 619 2550 procedant.
664 2462 790 2530 Latius
816 2468 922 2550 poeta
950 2463 1137 2545 describit,
1170 2464 1352 2550 quomodo
1374 2463 1476 2530 Pria-

296 2595 387 2659 mus,
412 2576 547 2642 cumin
564 2595 605 2642 00
621 2578 684 2656 est,
708 2577 747 2640 ut
762 2575 810 2642 ad
824 2574 1008 2642 Achillem
1023 2594 1061 2641 se
1077 2575 1247 2656 conferat,
1267 2575 1475 2642 libationem

296 2688 342 2754 ab
374 2706 488 2752 uxore
520 2689 688 2771 paratam
711 2685 798 2752 Jovi
829 2685 1033 2766 0111011014)
1082 2684 1209 2771 Neque
1240 2684 1476 2752 Telemachus

296 2813 412 2883 neque
435 2795 560 2863 Ulixes
587 2815 750 2882 unquam
775 2795 958 2863 libationis
986 2797 1263 2878 obliviscuntur,
1292 2816 1375 2862 cum
1397 2797 1499 2863 vela·

296 2911 334 2974 in
358 2908 472 2974 altum
496 2907 592 2975 dant.
605 2907 629 2990 5)
672 2905 745 2976 Sed
767 2927 841 2974 non
863 2907 982 2974 solum
1004 2905 1156 2973 Homeri
1179 2907 1372 2989 carminat)
1395 2927 1477 2993 sup-

297 3018 473 3103 peditant3
497 3018 570 3084 alia
591 3021 757 3104 potamus
780 3017 954 3103 exempla.
999 3017 1240 3084 Athenienses
1266 3021 1307 3083 ut
1333 3019 1478 3104 propitii

297 3131 369 3196 sint
392 3149 414 3194 a
436 3129 513 3196 deis
535 3130 662 3214 petunt
682 3128 721 3194 in
743 3127 998 3213 Aristophanis
1022 3127 1106 3196 Pac.
1130 3147 1181 3194 vs.
1206 3131 1267 3200 131
1292 3147 1383 3215 sqq:

453 3246 510 3339 ὐῖμε
532 3250 572 3341 dr}
595 3249 635 3318 οὐ
657 3251 779 3334 ταχέως
801 3244 898 3336 ὕπεχε
918 3251 977 3341 την
999 3247 1131 3341 φιάλην,
1156 3244 1246 3330 ὅπως
1357 3232 1360 3236 ¹

451 3362 531 3450 ἔργῳ
551 3354 752 3450 )φιαλούμεν,
776 3354 943 3447 εὐξάμενοι
966 3367 1072 3428 τοῖσιν
1094 3368 1188 3441 θεοῖς

452 3472 579 3563 σπονδὴ
602 3469 742 3562 σπονδή·
810 3465 991 3563 εὐφημεῖτε,
1014 3463 1186 3562 εὐφημεῖτε

452 3585 644 3664 σπένδοντες
665 3575 847 3669 εὐχόμεσθα
869 3581 927 3672 την
950 3588 1003 3650 νῦν
1024 3577 1146 3671 ἡμέραν

445 3690 598 3785 Ἓλλησιν
621 3688 719 3782 ὐῖρξοιι
742 3699 829 3762 πᾶσι
853 3697 986 3762 πολλῶν
1009 3686 1150 3782 ἀγαθοῖν
1174 3752 1308 3764 .....

387 3933 406 3998 1)
423 3932 458 3984 11.
477 3932 504 3985 Z.
523 3947 561 3984 vs.
579 3930 637 3984 259.
657 3947 713 3999 sqq.

385 4037 406 4099 ²)
424 4035 460 4088 Jl.
481 4035 515 4087 Σ.
533 4051 591 4109 vsa
604 4033 748 4086 221-231.

384 4137 703 4205 HHLmHMQ

386 4241 406 4306 ¹¹)
425 4240 460 4294 Jl.
479 4237 749 4293 Ω.1εε.285-306.

338 4397 340 4404 ,
386 4345 406 4408 5)
425 4341 464 4396 cf.
482 4340 531 4396 od.
550 4343 575 4409 β.
594 4357 631 4394 vs.
649 4341 708 4397 432.
727 4358 750 4393 v.
769 4340 810 4394 39.
831 4359 855 4394 ο.
877 4341 933 4395 149.
952 4340 1011 4394 258.

386 4447 406 4512 ⁰)
426 4443 465 4497 Of.
484 4443 632 4496 Bernhardi
650 4443 668 4496 l.
687 4459 708 4495 c.
726 4459 751 4511 p.
771 4444 786 4493 6
805 4459 862 4510 sqq.
