3316 5200
789 458 1001 522 ...30-

301 659 445 726 quoque
469 641 640 727 quadrat,
664 662 791 709 vocem
815 637 974 725 transduci,
998 663 1091 730 quae
1113 641 1374 730 pesterioribus
1397 649 1487 712 tem-

300 750 449 834 poribus
475 750 595 832 focdus
619 752 677 819 vel
699 754 843 818 indutias
870 753 1070 838 significat,
1103 755 1149 821 ab
1173 756 1314 823 actione
1344 756 1487 824 libandi

301 859 507 929 ducendam
538 882 629 946 esse,
668 883 779 949 quam
810 865 970 950 primum
1000 865 1122 933 locum
1154 885 1297 952 semper
1327 869 1486 936 tenuisse

300 970 385 1038 inde
408 993 552 1060 qnoque
576 978 733 1062 apparet.

385 1082 493 1151 Nunc
510 1105 596 1152 vcro
612 1105 731 1172 pauca
746 1086 959 1153 disserenda
981 1089 1066 1153 sunt
1090 1087 1135 1154 de
1152 1087 1301 1156 vasculo
1325 1089 1488 1174 quodam

298 1193 413 1278 nigris
444 1194 574 1280 figuris
600 1197 755 1282 depict0,
788 1196 887 1282 quod
919 1197 966 1264 ad
997 1199 1054 1264 ius
1081 1197 1279 1266 iurandum
1305 1201 1485 1286 pertinere

298 1303 418 1372 Conze
432 1327 465 1371 v.
483 1307 517 1373 d.
535 1307 763 1375 existimavit.
780 1309 803 1390 ¹)
842 1309 923 1387 (tua
938 1308 983 1375 dc
998 1329 1037 1375 re
1054 1309 1223 1394 equidem
1239 1309 1344 1377 aliter
1359 1311 1482 1378 sentio.

299 1416 520 1482 Antoniam
553 1417 765 1485 adolescens
790 1420 901 1485 armis
928 1419 1079 1485 indutus
1105 1420 1145 1486 in
1167 1419 1335 1487 dextram
1358 1440 1484 1488 versus

299 1525 393 1592 tollit
415 1528 613 1612 sinistram,
638 1529 837 1616 dextraque
859 1532 956 1597 tenet
974 1533 1152 1617 pateram,
1182 1552 1201 1597 e
1224 1533 1357 1617 quain
1381 1552 1483 1598 aram

299 1637 395 1704 libet.
447 1637 563 1718 Quem
595 1641 817 1708 exadversus
849 1661 955 1707 senex
990 1641 1162 1727 palliatus
1192 1643 1389 1726 invenitur,
1422 1645 1485 1729 qui

299 1748 446 1814 sinistra
462 1751 564 1816 nisus
580 1754 721 1838 sceptro
738 1753 905 1819 dextram
926 1752 1035 1819 simili
1050 1752 1159 1819 modo
1176 1752 1279 1835 tollit,
1302 1774 1374 1840 quo
1397 1754 1484 1821 ado-

298 1859 438 1926 lescens
470 1862 666 1929 sinistram.
722 1862 802 1943 Qua
834 1863 879 1930 de
915 1863 1093 1949 amphora
1124 1861 1243 1931 Conze
1274 1864 1344 1933 hoc
1375 1865 1484 1932 modo

299 1970 449 2037 iudicat:
478 1971 543 2038 Con
563 1975 780 2057 grandissima
792 1973 989 2056 protendet
1010 1978 1039 2038 si
1060 1977 1239 2040 1000100111
1261 1982 1370 2056 questa
1392 1995 1486 2042 scena

300 2103 344 2144 nn
366 2091 435 2148 noto
452 2081 546 2165 fatto
570 2086 625 2150 dal
644 2090 776 2169 picenae
802 2087 839 2150 νά
860 2086 950 2150 modo
972 2085 1098 2150 solenne
1124 2085 1179 2150 att
1202 2086 1485 2170 0101νῂ00009-

296 2195 408 2274 ι0101110
429 2197 469 2262 cd
480 2200 517 2262 in
534 2217 690 2278 presence
704 2197 739 2262 di
753 2216 895 2279 persona
917 2197 998 2262 d'etd
1014 2203 1173 2277 pronetta.
1209 2195 1391 2283 Equidem
1411 2217 1483 2262 non

300 2308 528 2397 votu1nfieri
555 2326 699 2390 censeo,
723 2307 787 2374 sed
809 2306 1061 2373 tantummodo
1084 2309 1345 2393 precationem,
1374 2327 1485 2394 quam

298 2422 419 2489 facere
451 2419 616 2486 solebant
648 2417 780 2486 Graeci
809 2417 966 2484 libando.
1011 2416 1109 2484 Nam
1141 2416 1236 2485 hanc
1269 2416 1484 2504 amphoram

300 2537 337 2600 in
365 2553 406 2600 eo
438 2551 571 2616 genere
601 2528 810 2597 habendam
842 2548 938 2610 esse,
970 2549 1042 2615 quo
1070 2528 1281 2596 adolescens
1312 2531 1484 2616 pingitur,

301 2644 450 2710 domum
465 2643 578 2729 patris
595 2641 812 2726 relinquens
835 2640 927 2705 utin
943 2639 1121 2726 proelium
1137 2659 1175 2706 se
1191 2640 1362 2724 conferat,
1377 2661 1485 2708 nemo

298 2755 460 2839 negabit3
484 2757 519 2820 et
538 2752 636 2839 quod
652 2731 873 2818 caerimonia
894 2751 933 2817 in
949 2769 1014 2817 ara
1035 2750 1133 2816 facta
1155 2749 1259 2817 001110
1276 2751 1487 2818 sollemnior

298 2866 347 2949 fit,
371 2885 445 2931 non
465 2863 714 2931 demonstrare
730 2861 820 2928 mihi
836 2861 993 2945 videtur,
1017 2864 1160 2928 votum
1175 2861 1314 2928 factum
1336 2882 1414 2930 esse
1437 2863 1485 2930 ab

299 2976 537 3044 adolescente.
584 2973 767 3054 Quantum
792 2974 886 3054 scie,
908 2993 982 3038 non
1006 2974 1149 3040 exstant
1170 2976 1421 3056 monumenta,
1445 2975 1484 3039 in

299 3088 431 3174 quibus
462 3087 552 3153 iuris
575 3084 721 3152 iurandi
753 3085 1006 3166 caerimoniae,
1038 3083 1259 3167 libationem,
1288 3083 1361 3151 alia
1387 3086 1485 3171 picta

297 3218 376 3266 0000
398 3198 548 3284 probari
570 3198 692 3284 possit.

385 3308 564 3376 Omnibus
580 3308 656 3375 deis
672 3306 863 3374 libationes
880 3304 1019 3372 oblatas
1041 3325 1128 3389 esse,
1151 3326 1217 3391 pro
1234 3308 1331 3373 certo
1346 3306 1484 3374 haben-

298 3421 387 3487 dum
410 3423 464 3486 est
486 3440 602 3505 neque
626 3438 717 3504 opus
740 3436 818 3485 esse
841 3435 980 3498 censeo,
1002 3416 1111 3482 huius
1134 3417 1187 3483 rei
1209 3417 1377 3503 exempla
1399 3437 1483 3484 con-

295 3532 398 3598 ferre.
445 3530 542 3597 Nam
574 3531 625 3596 eis
651 3529 755 3612 10010,
787 3528 852 3595 0111
884 3528 1066 3594 invenitur
1099 3547 1170 3594 vox
1204 3517 1368 3604 ἄσπονδος
1399 3548 1483 3595 con-

296 3645 421 3709 iuncta
437 3663 520 3709 cum
536 3633 623 3723 θεός,
647 3661 720 3707 000
736 3639 938 3706 indicatum
953 3657 1031 3705 esse
1047 3658 1175 3705 censeo
1193 3638 1313 3723 deum,
1330 3641 1388 3706 cui
1410 3659 1484 3705 non

297 3755 444 3836 libetur,
478 3753 543 3819 sed
574 3771 731 3839 quocum
759 3752 870 3832 foedus
893 3742 1066 3832 (σπονδαί)
1098 3749 1177 3816 fieri
1203 3770 1277 3816 000
1303 3751 1418 3836 possit
1444 3749 1483 3817 id

296 3868 351 3930 est
373 3865 616 3947 implacabilem.
653 3861 737 3928 Vox
753 3850 920 3936 ἄσπονδος
934 3859 1003 3928 hoc
1018 3860 1124 3928 modo
1140 3860 1324 3928 intellecta
1339 3863 1482 3928 omissis

296 3976 378 4042 aliis
400 3977 585 4042 invenitur
608 3973 705 4060 apud
728 3971 952 4057 Aeschylum
975 3972 1191 4057 Agamemn.
1221 3992 1271 4038 vs.
1300 3975 1380 4039 1235
1405 3992 1481 4058 sqq.

708 4087 938 4184 ἀμφίσβαιναν
960 4089 983 4184 ἢ
1005 4092 1151 4163 Σκύλλαν
1173 4092 1245 4162 τινὰ

523 4207 678 4276 οἰκοῦσαν
698 4207 732 4273 ἐν
754 4206 912 4292 πέτραισι
935 4204 1093 4272 ναυτίλων
1114 4203 1241 4294 βλάβην

384 4423 402 4487 ¹)
420 4417 517 4472 Annali
537 4417 595 4472 dell*
615 4416 743 4470 Institnto
765 4415 837 4469 1868.
858 4416 894 4468 tb.
918 4417 949 4467 H.
969 4433 994 4484 p.
1014 4416 1071 4468 2115.
1092 4433 1147 4484 sqq.
