3316 5200
808 486 1019 548 ..60-

422 698 433 718 ·
477 665 518 736 Oi
541 668 576 735 δὲ
599 667 676 734 θεοὶ
698 659 782 755 παρ’
807 667 891 754 Ζηνὶ
912 662 1098 754 καθήμενοι
1120 655 1300 754 ἠγορόωντο

475 780 599 868 χρυσέῳ
623 779 656 846 ἐν
678 779 823 866 δαπέδῳ,
846 775 928 864 μετά
953 776 989 844 δέ
1012 800 1110 865 σφισι
1132 771 1257 843 πότνια
1273 767 1371 862 Ἥβη

475 890 591 978 νέκταρ
613 886 773 978 ε’ῳνοχόει·
797 889 849 957 τοὶ
872 889 908 956 δὲ
927 888 1076 976 χρυσέοις
1098 882 1279 955 δεπάεσσιν

478 993 635 1086 δειδέχατ’
661 993 819 1091 ἀλλήλους
847 995 967 1086 Τρώων
988 996 1090 1067 πόλιν
1112 993 1327 1083 εἰσορόωντες.

406 1131 485 1201 Hos
517 1135 629 1219 igitur
659 1132 811 1201 Homeri
846 1151 973 1199 versus
1011 1131 1216 1200 accuratius
1249 1128 1429 1210 quadrare
1462 1126 1510 1194 ad

322 1243 448 1312 Sosiae
463 1245 653 1314 vasculum
669 1243 929 1312 illustrandum
950 1242 1128 1310 contendo
1144 1243 1255 1323 ratus,
1271 1239 1374 1307 illam
1390 1238 1507 1321 deam,

324 1375 414 1435 quae
436 1356 619 1423 ministrat
632 1356 727 1437 Jovi,
750 1375 824 1422 non
840 1353 1051 1436 Victoriam,
1074 1354 1115 1419 ut
1136 1350 1274 1419 Robert
1295 1349 1419 1433 voluit,
1444 1348 1509 1416 sed

319 1465 513 1534 Iuventam
535 1466 740 1534 vocandam
763 1484 855 1548 esse,
877 1465 917 1532 id
940 1463 1037 1544 quod
1058 1463 1191 1546 littera,
1215 1481 1306 1542 quae
1329 1461 1419 1528 deae
1443 1459 1508 1526 ad-

320 1577 456 1662 scripta
471 1580 616 1644 servata
630 1579 693 1660 est,
708 1577 857 1663 probari
871 1579 996 1663 potest.
1007 1577 1030 1654 1)
1067 1573 1237 1640 Eundem
1253 1576 1372 1640 autem
1389 1590 1507 1653 usum,

321 1707 426 1767 quem
456 1686 593 1754 Robert
623 1706 766 1754 summo
802 1687 881 1754 iure
912 1685 982 1753 hoc
1011 1687 1051 1752 in
1083 1683 1231 1752 vasculo
1264 1683 1431 1768 agnovit,
1470 1685 1508 1750 in

319 1796 510 1865 hominum
525 1798 702 1865 conviviis
717 1797 893 1881 flomisse‚
917 1800 1000 1864 ante
1016 1797 1140 1863 omnia
1154 1794 1360 1879 fragmenta
1375 1793 1507 1862 docent

321 1909 553 1976 comicorum.
599 1907 697 1975 Nam
723 1907 819 1976 hanc
846 1907 1162 1988 consuetudinem,
1190 1924 1280 1986 quae
1309 1904 1407 1990 apud
1430 1903 1507 1971 Ho-

319 2039 462 2087 merum
476 2020 599 2086 verbis
615 2010 786 2095 δεικνύναι,
803 2013 1032 2082 titilarentur
1054 2016 1259 2102 significata
1273 2015 1371 2098 est,²)
1395 2014 1508 2084 Athe-

320 2129 466 2213 naeus3)
498 2130 567 2198 hoo
598 2130 708 2196 modo
742 2130 912 2216 explicat:
950 2115 989 2216 ἦν
1016 2125 1124 2204 δέοις
1152 2118 1265 2202 αὐτοῖς
1286 2123 1345 2189 καὶ
1368 2123 1428 2190 διά
1451 2127 1509 2212 τῆς

320 2233 519 2323 προπόσεως
541 2229 733 2322 άσπασμός·
762 2235 794 2304 oi
821 2247 896 2320 γοῦν
927 2237 1003 2305 θεοὶ
1028 2235 1176 2325 χρυσέοις
1201 2231 1381 2302 δεπάεσσιν
1404 2235 1507 2302 δειδέ-

318 2338 391 2430 χατ’
426 2341 596 2436 ἀλλήλους,
629 2341 702 2436 ἤτοι
729 2349 921 2430 ἐδεξιοῦντο,
953 2346 1171 2434 προπίνοντες
1198 2345 1329 2425 ἑαυτοῖς
1355 2351 1431 2422 ταῖς
1453 2349 1506 2414 δε-

320 2460 416 2539 ξιαῖς.
454 2461 575 2530 Voces
597 2465 698 2549 ipsae
720 2458 950 2527 δειδίσκεσθαι
973 2467 1008 2534 et
1030 2457 1192 2528 δεικνύναι
1209 2467 1388 2533 actionem
1413 2462 1508 2530 dilu-

320 2573 402 2641 cide
416 2573 609 2657 illustrant,
637 2595 723 2642 cum
738 2577 921 2662 appareat,
938 2596 1021 2642 eum
1036 2575 1100 2659 iili,
1124 2578 1183 2644 oui
1202 2577 1381 2663 propinat,
1402 2594 1507 2641 mon-

320 2686 436 2750 strare
450 2686 614 2770 pateram
630 2688 835 2770 porrectam
850 2686 996 2753 nomine
1012 2687 1202 2774 appellato.
1234 2685 1354 2767 Quam
1368 2688 1507 2752 utram-

321 2813 388 2874 que
403 2813 482 2861 rem
497 2793 655 2861 illustrat
669 2793 739 2862 hoo
752 2795 951 2874 vasculum,
968 2797 1028 2863 cui
1044 2797 1178 2864 similia
1192 2797 1364 2865 addenda
1378 2798 1473 2862 sunt.
1482 2796 1506 2876 4)

320 2941 363 2952 -
377 2905 434 2972 De
456 2925 525 2971 usu
539 2905 760 2991 propinandi
774 2907 932 2974 breviter
947 2906 1124 2975 disserere
1139 2907 1230 2975 mihi
1251 2908 1368 2975 liceat.
1406 2906 1448 2974 E.
1472 2926 1505 2991 g.

322 3015 488 3084 Alexidis
521 3035 648 3083 versus
678 3018 969 3103 propinationem
1000 3019 1038 3084 in
1066 3020 1233 3086 convivio
1257 3020 1419 3104 viguisse
1444 3018 1504 3086 de-

322 3129 526 3194 monstrare
549 3109 764 3208 videntur⁵):

532 3226 667 3319 Τοάψον
688 3237 851 3319 λαβοῦσαι
872 3239 972 3303 τοῦτο
994 3227 1261 3321 τάπεοταλμένον

528 3338 692 3426 σκευάζετ’
718 3337 902 3428 εὐωχεῖσθε,
926 3345 1113 3433 προπόσεις
1134 3346 1253 3431 πίνετε,

527 3455 680 3543 λέπεσθε,
703 3453 909 3540 ματτυάζετε.

409 3577 461 3646 Of.
494 3578 713 3664 Antiphanis
745 3579 990 3666 fragmentum
1019 3581 1148 3662 (Kock.
1178 3581 1223 3647 ll.
1246 3601 1279 3668 p.
1304 3585 1355 3648 45.
1379 3601 1413 3647 n.
1439 3584 1503 3662 82).

321 3688 449 3774 Magni
478 3691 654 3756 momenti
684 3709 762 3757 esse
793 3691 956 3774 videtur,
989 3712 1079 3772 quae
1110 3692 1226 3760 verba
1257 3692 1361 3759 affert
1391 3690 1504 3758 Athe-

322 3800 466 3880 naeum)
489 3799 730 3867 Anacreontis
753 3802 918 3868 versibus
941 3801 1100 3869 laudatis
1108 3805 1146 3885 ⁷):

412 3936 430 4000 ¹)
438 3907 701 4004 ffi-l-'irrtwdnglerz
720 3937 918 4006 Beschreibung
936 3939 982 3992 der
1001 3937 1190 3993 Vaeeneamml.
1211 3957 1235 4008 p.
1255 3939 1314 3992 5521

408 4023 430 4086 ²)
447 4019 478 4074 Il.
499 4021 543 4075 lX.
563 4039 598 4075 vs.
620 4023 676 4076 671.
714 4022 763 4077 Od.
782 4021 881 4077 XVlll.
901 4041 938 4076 vs.
959 4023 1015 4077 121.

408 4105 612 4176 piper

408 4192 429 4258 ⁴)
448 4191 486 4247 Cf.
506 4192 696 4260 Furtwttngler.
715 4193 732 4246 l.
752 4211 773 4246 c.
793 4209 833 4246 no.
853 4194 927 4246 2166.
948 4193 1022 4248 2317.

409 4278 429 4342 ³)
447 4277 527 4330 chlr.
546 4277 580 4330 II.
600 4295 626 4347 p.
644 4278 702 4332 315.
722 4296 746 4332 n.
766 4279 806 4332 49.

409 4362 655 4432 Usspffld

410 4450 429 4514 ⁷)
448 4448 558 4516 Bergk:
577 4452 645 4518 poet.
664 4450 714 4517 lyr.
734 4452 822 4518 graeci
839 4449 905 4502 lll.⁴
924 4469 950 4520 p.
968 4452 1026 4504 277.
1046 4469 1071 4504 n.
1091 4451 1133 4505 82.
