3316 5200
673 475 885 538 ..45-

276 659 376 727 Voce
419 652 588 742 διμοιρίαν
617 658 774 725 indicari
812 658 1026 725 libationem
1056 660 1092 725 et
1129 656 1247 742 σεμνῆς
1277 657 1370 737 θεᾶς,

185 771 229 838 id
250 774 304 838 est
327 757 492 853 Ὑγιείας,
524 772 560 837 et
589 760 785 851 γλυιυτοίτου
816 764 991 850 βασιλέως,
1023 769 1044 836 i.
1068 788 1097 834 θ.
1124 754 1276 851 Ἀγαθοῦ
1298 763 1371 832 δαί-

184 903 296 965 μονος,
319 880 514 948 verisimile
536 883 632 967 puto.
657 915 698 925 -
721 877 794 947 Sed
815 878 913 946 hunc
935 899 1053 962 usum,
1077 880 1216 966 dequo
1239 877 1372 946 Pollux
1485 919 1488 925 ·

185 993 312 1076 refert,
348 1009 422 1058 non
460 991 628 1064 omnibus
665 991 888 1076 temporibus
929 989 1108 1072 floruisse,
1149 991 1225 1058 iam
1249 995 1373 1077 ‘supra

187 1103 360 1170 vidimus.

276 1211 545 1280 Transeamad
567 1231 620 1294 ea,
644 1231 737 1298 quae
759 1211 954 1278 traduntur
977 1211 1021 1278 de
1035 1211 1170 1298 triplici
1188 1211 1371 1294 libatione,

189 1326 294 1392 cuius
317 1323 476 1390 convivii
496 1323 610 1408 partis
628 1341 887 1408 saepenumero
902 1321 944 1388 fit
957 1323 1101 1388 mentio.
1134 1320 1371 1404 Bernhardi¹)

188 1438 288 1504 recte
312 1433 505 1516 contendit,
528 1454 573 1500 ex
595 1433 722 1500 iliadis
737 1433 817 1499 loco
833 1431 896 1514 (A.
913 1433 989 1513 469)
1004 1434 1154 1519 probari
1168 1453 1241 1500 non
1256 1453 1371 1520 posse,

188 1548 267 1614 iam
287 1544 441 1612 Homeri
469 1543 694 1630 temporibus
724 1542 820 1611 hanc
854 1543 1153 1611 consuetudinem
1183 1544 1371 1611 exstitisse.

191 1655 313 1738 Quam
334 1658 460 1742 postea
480 1654 554 1721 fere
576 1673 765 1741 nunquam
787 1654 960 1721 omissam
983 1673 1157 1722 essenon
1180 1658 1245 1738 est,
1274 1652 1373 1740 quod

192 1768 447 1835 demonstrem.
502 1763 707 1834 Scholiasta
741 1765 780 1831 in
810 1762 974 1832 Platonis
1005 1764 1200 1832 Philebum
1230 1786 1263 1853 p.
1299 1767 1372 1834 383.

190 1876 401 1945 haecdicit:
423 1864 611 1960 Ἐκιρνῶντο
633 1871 683 1958 (ἐν
704 1876 775 1951 τοῖς
796 1869 1009 1958 συμποσίοις)
1031 1877 1187 1963 πρατῆρες
1208 1878 1294 1960 τρεῖς
1314 1873 1373 1939 καί

190 1984 248 2052 τδν
273 1983 332 2070 μὲν
356 1987 489 2070 πρῶτον
515 1980 598 2061 Διὸς
619 1974 806 2062 Ὀλυμπίου
835 1982 892 2048 καὶ
918 1989 1007 2061 θεῶν
1031 1975 1227 2068 Ὀλυμπίων
1256 1981 1371 2071 ἔλεγον,

191 2095 249 2164 τὸν
279 2095 315 2164 δὲ
345 2092 490 2183 δεύτερον
522 2087 646 2184 ἧριίων,
677 2092 734 2162 τδν
763 2094 799 2162 δὲ
831 2093 939 2179 τρίτον
970 2098 1114 2183 σωτῆρος
1140 2135 1182 2146 -
1203 2093 1311 2184 ἔλεγον
1336 2095 1373 2162 δὲ

194 2199 293 2275 αὐτὸν
313 2207 370 2274 καὶ
392 2206 528 2285 τέλειον,
560 2199 605 2286 ὥς
627 2202 809 2294 Εἰριπίδης
828 2196 1029 2295 Ἀνδρομέδᾳ
1051 2206 1109 2272 καί
1129 2197 1374 2298 Ἀριστοφάνης

200 2323 427 2407 Ταγηνισταῖς.
452 2319 674 2388 —Eosdem
698 2321 784 2388 deos
807 2319 973 2404 Polluxe
1004 2321 1154 2408 profert,
1186 2323 1257 2390 nisi
1275 2322 1374 2411 quod

196 2434 285 2503 dicit
314 2433 359 2500 de
389 2433 496 2500 tertia
517 2433 705 2499 libatione:
738 2419 815 2495 ὅδὲ
835 2426 944 2513 τρίτος
966 2427 1047 2508 Διὸς
1074 2433 1218 2518 σωτῆρος
1239 2429 1372 2498 τελείου.

195 2544 248 2612 Cf.
272 2543 507 2611 scholiastam
529 2543 578 2609 ad
599 2542 752 2610 Pindari
775 2542 898 2609 Isthm.
922 2542 966 2609 V.
990 2564 1041 2610 vs.
1066 2548 1114 2628 12,
1138 2545 1201 2632 qui
1223 2565 1373 2614 accura-

192 2657 266 2730 tius
289 2653 334 2722 de
349 2654 482 2740 triplici
496 2653 669 2720 libatione
684 2656 844 2720 tractans
861 2654 1066 2740 Aeschylii)
1089 2675 1216 2722 versus
1231 2655 1372 2723 laudat:

398 2783 514 2872 λοιβὰς
536 2783 617 2865 Διὸς
638 2785 696 2870 μὲν
717 2789 849 2873 πρῶτον
870 2777 993 2873 ὡραίου
1015 2782 1120 2874 γάμου

392 2889 500 2985 Ἥρας
520 2923 555 2964 τε
577 2949 1099 2966 .................

398 3006 456 3098 τὴν
478 3008 629 3095 δευτέραν
651 3007 687 3075 δὲ
708 3012 826 3094 κρᾶσιν
848 3000 969 3096 ἥρωσιν
990 3009 1076 3093 νέμω

398 3229 507 3319 τρίτον
528 3228 609 3310 Διὸς
631 3235 774 3318 σωτῆρος
796 3223 949 3298 είκταίαν
970 3229 1060 3316 λίβα.

282 3370 354 3441 Sed
376 3371 473 3438 hunc
495 3376 657 3438 tenorem
684 3391 826 3458 semper
853 3373 1010 3439 eundem
1031 3372 1142 3440 fuisse
1163 3374 1374 3458 negandum

196 3487 259 3551 est.
304 3481 535 3570 Quamquam
565 3467 800 3550 inveniuntur
830 3482 893 3549 alii
923 3483 1007 3564 loci,
1040 3485 1102 3570 qui
1124 3478 1205 3559 Διὸς
1231 3484 1375 3569 σωτῆρος

195 3595 407 3663 libationem
421 3595 566 3661 tertiam
580 3594 776 3680 proferunt,
799 3597 839 3660 ut
855 3593 1044 3680 Sophoclis
1063 3595 1105 3662 fr.
1123 3599 1184 3663 392
1200 3595 1374 3678 (Nauck2

195 3727 229 3794 p.
253 3706 345 3789 224):

400 3823 465 3880 Ζεῦ
486 3811 679 3879 παυσίλυπε
700 3813 758 3879 καὶ
780 3810 862 3893 Διὸς
884 3813 1044 3903 σωτηρίου

401 3927 527 4014 σπονδὴ
549 3921 659 4012 τρίτου
681 3939 845 4012 κρατῆρος.
870 3977 877 3991 .
904 3978 909 3989 .
935 3978 941 3990 .
1100 3930 1205 4012 πίὶἰί),

285 4143 465 4211 hhcpb

285 4245 307 4310 ²)
324 4243 371 4299 Vl.
392 4246 431 4299 15.

284 4345 305 4415 ³)
323 4343 433 4417 Epigon.
453 4347 484 4401 ir.
503 4348 544 4401 54.
564 4345 615 4416 (ap.
634 4343 747 4400 Nauck.‘²
765 4364 790 4416 p.
811 4347 861 4409 19).

285 4449 307 4517 ⁴)
325 4448 364 4504 cf.
382 4449 488 4504 Pollux:
507 4447 554 4502 Vl.
575 4449 631 4503 100.
649 4449 725 4502 Pind.
746 4447 819 4502 Nem.
840 4447 871 4499 V.
890 4465 926 4500 vs.
947 4449 988 4501 12.
