3316 5200
664 483 877 544 ..51-

182 666 348 753 Olympio
372 676 407 733 et
435 667 504 734 diis
527 667 677 754 superis,
710 688 752 734 eo
777 668 926 736 consilio
949 668 1055 751 fiunt,
1086 671 1126 734 ut
1152 669 1298 754 propitii
1324 667 1363 736 hi

180 777 394 859 reddantur;
426 777 555 845 eadem
583 777 628 845 de
660 797 772 845 causa
801 777 969 846 heroibus
996 779 1146 862 libatur,
1179 799 1270 866 quos
1300 799 1362 845 ne-

178 889 316 974 glectos
339 908 474 956 noxam
497 889 671 956 allaturos
703 909 794 972 esse,
828 888 958 958 Graeci
991 890 1061 957 sibi
1090 893 1363 976 persuaserunt

178 999 269 1066 Tum
298 987 446 1083 Ἀγαθός
467 994 595 1080 δαίμων
615 1000 789 1067 libatione
812 1001 1035 1084 celebratur,
1067 1000 1166 1087 quod
1187 1000 1219 1066 is
1259 1002 1364 1086 quasi

180 1112 324 1197 praeest
346 1113 613 1197 compotationi,
637 1112 700 1198 qui
723 1111 835 1178 vitem
857 1112 994 1178 creavit
1016 1109 1234 1178 hominibus
1280 1113 1303 1172 J
1305 1112 1365 1178 ovi

180 1222 358 1287 servatori
380 1224 416 1288 et
430 1219 548 1289 Saluti
563 1221 741 1288 libamina
755 1219 1000 1304 effunduntur,
1023 1225 1065 1287 ut
1086 1240 1148 1288 eas
1172 1221 1247 1288 vini
1269 1223 1364 1288 vires

182 1336 340 1414 arceant,
357 1350 450 1418 quae
466 1332 680 1399 detrimento
697 1335 782 1398 sunt
790 1332 1010 1414 hominihus
1027 1352 1049 1398 a
1064 1333 1197 1419 quibus
1212 1335 1364 1418 quanto-

181 1463 264 1529 pere
289 1442 545 1510 abhorruerint
561 1440 702 1524 Graeci,
726 1444 859 1528 optime
882 1441 1047 1522 Eubuli¹)
1073 1461 1199 1510 versus
1215 1442 1363 1510 demon-

182 1557 306 1621 strant.
342 1591 354 1598 ·
393 1553 448 1622 De
473 1553 655 1621 Mercurio
688 1555 762 1620 iam
785 1573 896 1640 supra
927 1553 1083 1620 disserui
1113 1557 1148 1619 et
1179 1553 1224 1620 de
1256 1553 1366 1620 Vesta

183 1665 290 1751 plura
311 1665 431 1733 facere
455 1665 568 1732 verba
591 1684 680 1752 opus
704 1684 777 1731 non
801 1664 953 1731 videtur.

265 1776 415 1844 Praeter
446 1796 507 1843 eas
539 1776 730 1843 libationes
761 1776 799 1841 in
831 1776 998 1842 convivio
1031 1775 1287 1858 creberrimae,
1320 1773 1365 1842 de

181 1889 314 1974 quibus
324 1887 445 1955 adhuc
457 1887 649 1973 disputavi,
664 1886 800 1953 multae
816 1889 960 1953 exstant
979 1886 1081 1969 aliae,
1098 1906 1214 1972 neque
1228 1905 1365 1970 negan-

181 1999 270 2066 dum
293 2002 360 2081 est,
392 1998 561 2066 omnibus
589 1998 666 2064 deis
691 1999 726 2064 et
747 1996 919 2064 heroibus
947 1997 1056 2064 libari
1077 2016 1183 2083 posse
1206 1999 1364 2083 exceptis

182 2110 252 2177 diis
274 2108 414 2191 inferia,
438 2110 502 2196 qui
523 2109 681 2176 laetitiae
705 2110 870 2194 expertes
892 2108 1131 2175 habebantur.
1176 2107 1256 2174 Iam
1278 2127 1365 2175 vero

181 2219 298 2288 Musis
313 2220 390 2286 vini
417 2219 594 2286 libamina
617 2218 732 2284 effusa
755 2237 848 2300 esse,
871 2237 1094 2305 quamquam
1117 2217 1155 2284 in
1177 2217 1366 2286 sacrificiis

182 2331 417 2398 libationibus
451 2329 581 2396 sobriis
608 2329 837 2411 fruebantur,
870 2347 981 2414 supra
1008 2328 1152 2414 protuli.
1201 2327 1250 2394 Ut
1280 2327 1366 2395 Plu-

180 2440 362 2521 tarchus'2)
386 2440 476 2508 haec
499 2439 620 2507 refert:
651 2427 836 2519 ὑπολαβών
860 2435 895 2501 δὲ
918 2427 935 2502 ὃ
958 2431 1081 2501 Σόλων·
1113 2427 1261 2518 Oducia,
1293 2433 1365 2523 ἔφη,

183 2549 239 2615 καὶ
261 2553 308 2636 τῷ
331 2544 514 2637 σοφωτάτῳ
541 2545 732 2614 πιστευτέον
755 2539 901 2634 Ὁμήρῳ·
931 2543 1002 2626 Νὺξ
1027 2537 1089 2635 ἤδη
1111 2545 1254 2612 τελέθει·
1283 2536 1366 2632 dya-

182 2659 246 2728 θότ
267 2669 325 2726 καὶ
353 2659 442 2726 νυκτὶ
463 2658 650 2725 πιθέσθαι.
680 2654 875 2735 σπείσαντες
903 2645 958 2722 οὖν
980 2653 1140 2735 Μούσαις
1166 2656 1224 2721 καὶ
1247 2664 1367 2723 Ποσει-

183 2775 262 2840 δῶνι
293 2772 352 2838 καὶ
381 2764 580 2859 Ἀμφιτρίτῃ
613 2762 814 2852 διαλύωμεν,
846 2766 875 2834 εὶ
907 2769 1003 2849 δοκεῖ,
1036 2765 1073 2834 τό
1105 2762 1300 2852 συμπόσιον.
1333 2773 1368 2838 et

184 2887 367 2955 Pindarus
374 2886 398 2967 3)
422 2885 625 2952 secundum
641 2886 818 2950 craterem
833 2881 949 2949 Musis
964 2901 1042 2949 esse
1064 2883 1221 2948 mixtum
1242 2881 1366 2963 relert3

184 2999 222 3066 id
239 2998 339 3086 quod
352 2996 433 3064 fieri
448 2996 577 3082 potuit,
600 2995 686 3082 quia
700 2993 829 3060 Musae
844 2993 881 3060 in
898 2994 1065 3060 convivio
1087 3014 1162 3060 non
1185 2993 1274 3060 deae
1297 2992 1367 3059 sol-

182 3111 321 3177 lemnes
345 3107 411 3175 sed
434 3127 527 3194 quae
550 3108 742 3192 praeerant
765 3105 835 3170 arti
855 3104 1018 3171 musicae
1039 3102 1279 3171 habebantur.

271 3278 411 3360 Quibus
433 3278 543 3345 rebus
566 3276 747 3362 expositis
771 3275 894 3342 omnia
914 3294 974 3342 me
990 3274 1204 3342 disseruisse
1227 3293 1366 3355 censae,

184 3411 277 3480 quae
309 3390 490 3476 pertinent
524 3386 572 3454 ad
607 3405 668 3452 eas
700 3385 891 3453 libationes
927 3385 1237 3471 interpretandae,
1275 3402 1366 3470 quas

184 3501 420 3570 effundebant
440 3499 606 3566 homines
630 3497 717 3564 deis.
762 3495 870 3563 Nunc
903 3515 988 3563 vero
1016 3496 1213 3563 dicendum
1244 3499 1298 3562 est
1321 3494 1366 3561 de

183 3615 239 3697 iis,
263 3631 354 3700 quas
380 3631 402 3678 a
425 3611 502 3678 deis
525 3610 614 3696 ipsis
639 3607 771 3675 effusas
792 3626 870 3674 esse
887 3606 1063 3690 videmus
1096 3607 1134 3672 id
1156 3606 1255 3693 quod
1284 3626 1368 3672 cum

184 3727 239 3808 iis,
264 3744 357 3811 quae
380 3722 502 3789 adhue
523 3719 667 3807 protuli,
692 3721 768 3784 arte
792 3716 985 3785 cohaerere
1009 3718 1186 3784 existimo
1240 3805 1245 3813 ἢ

274 3929 295 3990 1)
314 3929 406 3983 Semel.
426 3928 456 3981 h.
477 3929 499 3980 1.
519 3944 559 3996 ap.
577 3924 658 3979 Koch.
679 3923 713 3976 ll.
734 3941 759 3993 p.
779 3924 829 3977 196
846 3940 871 3976 n.
890 3924 932 3977 94.

272 4018 292 4078 Ἰ)
312 4015 401 4068 moral.
420 4032 445 4083 p.
465 4014 516 4067 164
533 4013 565 4065 Ι).
587 4033 617 4051 =
636 4011 702 4079 sept.
722 4025 779 4078 sap.
799 4024 871 4062 conv.
890 4008 931 4060 21.

271 4099 406 4166 ³)Isthm.
429 4097 471 4152 Vl.
491 4097 544 4165 (V).
565 4114 603 4150 vs.
621 4096 646 4148 2.

679 4335 858 4342 -ῂ----
874 4339 878 4342 .
