3316 5200
665 471 877 532 ..77-

178 656 310 735 ausim,
334 654 508 740 quoniam
530 653 642 719 aliam
664 651 775 726 fuisse
799 652 1097 720 consuetudinem
1122 652 1202 720 aliis
1224 656 1362 739 tempo-

177 767 279 833 ribus
295 766 445 831 oonstat.
483 762 562 830 lllis
576 762 677 846 loeis,
700 763 764 829 ubi
780 782 852 829 non
874 763 1058 830 invenitur
1080 763 1151 830 nisi
1172 763 1240 846 lao,
1265 762 1363 849 quod

176 876 313 943 libatur
344 874 511 957 mortuiS,
543 874 615 940 mel
644 893 787 960 quoque
814 873 1091 958 intelligendum
1113 889 1192 940 esse
1220 892 1363 940 summo

177 987 257 1054 iure
279 983 431 1052 Nitzsoh
452 983 636 1051 iudicavit.
649 985 670 1065 ¹)
711 983 792 1051 Iam
813 1003 900 1050 vero
924 984 987 1051 alii
1009 983 1082 1051 looi
1104 983 1363 1067 demonstrant,

177 1097 306 1164 vinum
329 1095 540 1181 saepissime
563 1093 729 1161 additum
753 1113 831 1161 esse
850 1095 897 1161 ad
918 1094 1012 1162 illud
1034 1089 1267 1178 μελίκρατον,2)
1290 1114 1365 1182 qua

177 1209 217 1274 in
239 1227 277 1275 re
300 1206 461 1272 maxime
473 1204 656 1272 'differunt
676 1207 905 1272 mortuorum
922 1205 1100 1272 libamina
1118 1207 1164 1273 ab
1185 1206 1246 1289 eis,
1270 1225 1363 1292 quae

179 1313 326 1402 νηφάλια
343 1315 422 1383 sola
443 1315 655 1382 numinibus
677 1315 801 1382 inferis
825 1315 948 1382 oblata
970 1335 1048 1383 esse
1072 1335 1184 1404 supra
1201 1316 1360 1402 exposui.

181 1427 234 1496 Cf.
257 1427 445 1513 Euripidis
469 1425 582 1493 Orest.
606 1445 658 1492 vs.
686 1430 755 1492 114.
780 1430 813 1492 5:

334 1567 482 1634 ἐλθοῦσα
506 1556 536 1633 δ’
563 1559 649 1654 ἀμφὶ
671 1563 728 1633 τὸν
750 1563 1041 1655 Κλυταιμνήστρας
1063 1563 1169 1655 τάφον

333 1669 503 1765 μελίκρατ)
530 1670 610 1766 ἔφες
632 1673 794 1763 γάλακτος
815 1670 990 1744 οὶνωπόνν’
1017 1671 1114 1766 ἷίχνην
1130 1731 1136 1743 .
1154 1728 1163 1746 .
1181 1729 1211 1745 ..

266 1826 396 1895 Oleum
419 1846 562 1913 quoque
584 1827 767 1893 invenitur
789 1827 828 1893 in
854 1827 1084 1894 caerimoniis
1106 1825 1365 1910 frmebribus,³l

178 1940 280 2026 quod
301 1939 526 2025 temporibus
550 1937 771 2024 quibusdam
793 1939 845 2004 ita
865 1939 903 2005 in
925 1957 996 2004 usu
1013 1937 1090 2023 fuit,
1113 1941 1153 2005 ut
1170 1937 1230 2006 lex
1252 1938 1363 2005 ferre-

177 2053 253 2133 tur,
282 2069 376 2136 quae
401 2047 472 2115 hoo
497 2048 669 2133 restringi
695 2049 809 2115 iussit.
852 2047 991 2115 Titulus
1015 2049 1112 2116 enim
1134 2047 1285 2136 Delphis
1307 2049 1362 2116 in-

178 2161 343 2242 ventus⁴j
365 2159 457 2227 haec
480 2159 644 2226 tradidit:
668 2155 763 2244 φέρεν
785 2155 821 2222 δὲ
836 2149 923 2222 οἶνον
944 2155 1004 2222 ἐπὶ
1026 2153 1064 2223 τὸ
1087 2159 1176 2245 σῆμα
1198 2156 1239 2241 μὲ
1261 2155 1363 2223 πλέον

179 2271 279 2352 τριῶν
298 2271 364 2350 χῶν
385 2265 444 2333 καὶ
465 2263 576 2333 ἔλαιον
596 2266 638 2350 μὲ
653 2266 755 2333 πλέον
770 2262 851 2346 ἑνός·
875 2263 917 2333 τὰ
933 2267 968 2334 δὲ
985 2260 1098 2355 ἀγγεῖα
1116 2259 1360 2356 ἀποφέρεσθαι.

179 2381 284 2450 Unus
320 2384 438 2449 exstat
470 2381 592 2462 locus,
634 2381 699 2448 ubi
736 2401 861 2448 omnes
897 2381 936 2448 hi
971 2381 1131 2468 liquores
1167 2382 1256 2467 mel,
1293 2383 1361 2461 lae,

181 2513 290 2580 aqua,
319 2493 459 2574 vinum,
484 2491 604 2558 oleum
627 2490 860 2559 adhibentur:
885 2492 984 2578 apud
999 2492 1225 2579 Aeschylum
1247 2492 1359 2572 (Pers.

182 2624 232 2672 vs.
258 2605 321 2672 608
338 2603 429 2689 sqq.)

265 2739 431 2826 Denique
449 2739 651 2824 ‘sanguinis
683 2759 826 2826 quoque
859 2743 984 2826 potum
1014 2742 1166 2808 mortuis
1199 2742 1363 2810 oblatum

181 2871 259 2919 esse
289 2851 364 2917 iam
395 2869 507 2936 supra
536 2849 696 2916 vidimus
731 2851 770 2917 in
802 2849 930 2936 Odyss.
959 2850 987 2920 λ,
1015 2871 1067 2918 vs.
1099 2856 1139 2919 36
1162 2872 1239 2940 sqq.
1289 2851 1363 2922 Sed

180 2965 307 3050 poetae
334 2960 551 3049 posteriores
573 2960 643 3028 hae
675 2961 776 3028 inre
802 2960 894 3030 nihil
918 2962 1102 3045 differrmt3
1134 2968 1175 3030 ut
1196 2963 1360 3052 Euripid.
1430 3001 1431 3008 κ

181 3072 320 3141 Heoub.
345 3093 395 3138 vs.
421 3075 483 3138 535
507 3091 589 3158 sqq:

332 3264 335 3276 ,
387 3205 566 3280 ὃδέἷπεν·
591 3202 618 3279 ὦ
640 3219 706 3280 παῖ
728 3214 873 3301 Πηλέως,
896 3212 1009 3305 πατὴρ
1032 3207 1151 3300 diple,

386 3324 479 3404 δέξαι
499 3319 581 3406 χοάς
602 3349 665 3408 μου
686 3320 787 3391 τάσδε
807 3324 1020 3415 κηληνηρίοος

387 3437 504 3521 νεκρῶν
526 3426 681 3521 ἀγωγούς·
705 3434 786 3502 ἐλθὲ
808 3427 887 3514 δ’ὡς
908 3434 990 3525 πίῃς
1011 3435 1114 3520 μέλον

385 3541 482 3634 κόρης
503 3536 682 3634 ἀκραιφνὲς
704 3537 799 3632 αἷμα,
823 3538 897 3614 ὅσοι
921 3543 1118 3631 δωρούμεθα

387 3653 525 3742 στρατὸς
546 3655 582 3722 δὲ
602 3647 707 3744 κᾶνώ·
730 3658 910 3747 πρευμενὴς
932 3649 1045 3746 δὶὴμῖν
1067 3661 1166 3744 γενοῦ.

268 3803 492 3890 Sanguinem
523 3805 677 3872 effusum
708 3805 918 3874 libationem
945 3826 1023 3875 esso
1049 3806 1258 3875 habendam
1285 3808 1360 3875 iam

182 3917 325 4003 saepius
356 3916 517 3983 indicavi
548 3919 583 3982 et
612 3915 669 3982 his
706 3916 853 4003 quidem
889 3919 927 3984 in
964 3919 1194 3986 caerimoniis
1232 3918 1359 3986 eodem

270 4136 288 4203 ¹)
306 4137 341 4189 ad
358 4135 456 4203 Odyss.
473 4134 520 4188 Ill.
538 4154 563 4206 p.
584 4137 641 4190 162.

268 4239 289 4303 ²)
307 4237 346 4294 Oi.
364 4239 472 4292 Luoiani
490 4238 567 4294 Char.
587 4256 643 4310 esp.
661 4239 703 4292 22.

267 4342 288 4406 ³)
306 4339 344 4395 cf.
362 4339 482 4410 Euripid.
499 4341 556 4411 lph.
575 4341 653 4395 Taur.
672 4358 709 4396 vs.
729 4342 779 4396 635
797 4358 853 4413 sqq.
889 4341 961 4396 Plut.
980 4341 1091 4397 Aristid.
1111 4344 1156 4397 21m

266 4444 288 4507 ⁴)
306 4459 346 4512 sp.
365 4441 599 4511 Dittsnbergsrum
617 4444 645 4497 in
663 4443 763 4512 Syllog.
782 4461 822 4498 no.
841 4445 899 4498 467.
918 4461 956 4498 vs.
973 4446 998 4499 9.
