3316 5200
648 485 861 549 ..37-

139 659 307 754 glyphis
323 667 517 734 adorantes
532 667 774 752 inveniuntur,
798 669 861 756 qui
879 663 1026 756 quidem
1040 668 1149 736 valde
1172 665 1344 736 diffenmt

142 779 207 846 ab
229 778 313 862 illis,
337 797 428 865 quos
451 797 563 865 supra
585 779 753 846 vidimus.
799 777 897 845 Nam
923 799 1007 847 cum
1033 779 1087 846 1111
1108 777 1202 846 nihil
1222 778 1343 848 110010

143 889 314 972 soleant,
341 888 413 955 nisi
428 887 608 956 adorandi
629 892 785 974 gestum,
808 887 848 956 hi
863 888 960 956 dona
980 889 1134 956 ferentes
1150 894 1341 976 apparent,

145 1019 285 1082 ovum,
308 999 462 1085 gallum,
486 998 622 1080 florem,
645 999 784 1067 malum
806 1004 1011 1086 granatum,
1034 1000 1116 1067 alia.
1162 998 1261 1080 Quas
1284 1020 1342 1068 res

147 1111 192 1176 si
213 1110 502 1198 perlustraveris,
527 1111 648 1177 statim
662 1111 730 1178 tibi
750 1111 789 1177 in
807 1114 966 1178 mentem
982 1112 1102 1178 veniet
1115 1111 1207 1178 illud
1222 1113 1342 1197 sepul·

148 1242 264 1288 crum
293 1220 434 1312 Xanthi
465 1224 665 1307 repertum,
704 1221 749 1289 de
785 1240 857 1309 quo
893 1223 969 1288 iam
1005 1241 1117 1308 supra
1148 1221 1340 1308 disputavi.

150 1329 393 1419 Quamquam
423 1330 480 1399 his
512 1351 655 1418 quoque
685 1331 723 1398 in
759 1333 1002 1400 monumentis
1033 1331 1214 1400 sac1ificia
1249 1331 1343 1399 fiunt

150 1443 323 1524 1110111111,
345 1446 467 1510 tamen
492 1442 712 1510 caerimonia
733 1442 840 1528 plane
863 1442 937 1509 alia
957 1443 1149 1525 invenitur,
1173 1446 1281 1529 atque
1303 1444 1341 1510 in

153 1555 277 1640 primo
307 1553 370 1620 1110
397 1572 529 1637 genere
557 1551 861 1639 anaglyphorum,
895 1553 934 1620 in
965 1572 1037 1641 quo
1068 1553 1176 1622 heros
1209 1553 1342 1620 fruitur

156 1683 288 1746 coena3
319 1663 390 1731 hoc
415 1664 454 1732 in
480 1663 593 1731 altero
621 1663 818 1731 cantharus
842 1664 945 1731 heroi
966 1664 1114 1732 additus
1137 1667 1192 1732 est
1212 1664 1342 1733 eodem

159 1794 279 1857 sensu,
303 1795 412 1861 quem
426 1776 501 1841 iam
523 1794 635 1862 supra
657 1775 817 1861 exposui,
840 1775 903 1842 ubi
917 1778 1044 1861 1111011
1058 1777 1225 1861 porrecta
1233 1775 1261 1856 ¹)
1281 1775 1342 1843 dei

158 1885 219 1952 vel
250 1886 403 1954 deorum
435 1884 633 1952 simulacra
660 1883 819 1952 officium
842 1886 902 1952 vel
927 1887 1046 1972 potius
1073 1887 1341 1954 venerationem

158 1997 230 2064 sibi
261 1995 457 2063 vindicant.
490 2032 531 2042 —
562 1993 669 2075 Quod
700 1996 854 2064 alterum
885 2015 1001 2081 genus
1033 1997 1216 2084 antiquius
1251 2000 1340 2081 esse,

158 2127 271 2194 quam
302 2105 367 2174 illa
397 2106 634 2193 necrodipnia
664 2109 770 2174 nemo
801 2108 957 2194 negabit.
1012 2106 1092 2188 Quo
1129 2108 1237 2175 modo
1270 2107 1340 2175 hae

159 2219 254 2286 duae
282 2216 575 2305 anaglyphomm
602 2218 741 2286 formae
769 2218 953 2286 adhibitae
974 2219 1052 2293 ,sint
1078 2218 1126 2286 ad
1147 2219 1235 2286 deos
1257 2219 1340 2286 illos

159 2329 295 2397 inferos
322 2328 597 2414 significandos
630 2329 692 2415 qui
714 2328 885 2397 Eleusine
916 2333 1094 2397 vocantur
1120 2317 1138 2392 ὃ
1161 2327 1241 2405 θεός
1262 2333 1298 2397 et
1319 2319 1340 2414 ἡ

159 2432 234 2519 θεά,
257 2459 332 2506 non
345 2459 469 2506 meum
484 2441 547 2522 est,
568 2439 638 2506 hoc
659 2439 740 2507 loco
756 2440 962 2508 accuratius
980 2439 1165 2507 disserere.
1203 2441 1259 2508 De
1281 2439 1339 2508 his

158 2551 269 2618 rebus
290 2550 474 2636 inspicias,
497 2569 590 2636 quae
612 2548 868 2635 Furtwangler
882 2572 915 2616 v.
939 2551 971 2617 d.
996 2552 1140 2636 egregie
1162 2551 1338 2637 patefecit.

160 2660 315 2742 (Einloit.
339 2682 367 2727 z.
392 2658 540 2729 Samml.
565 2658 648 2729 Sab.
672 2680 705 2746 p.
730 2665 770 2728 29
794 2661 897 2747 sqq.).
1342 2685 1344 2690 ·

244 3435 351 3504 Nunc
361 3457 457 3520 vero,
474 3441 514 3504 ut
529 3438 577 3504 ad
586 3437 697 3505 finem
705 3438 906 3524 perducam
918 3438 1200 3524 disputationem
1209 3458 1338 3522 meam,

157 3547 285 3632 paucis
308 3546 529 3615 adumbrare
551 3548 674 3631 liceat,
702 3568 773 3635 quo
798 3549 907 3615 modo
935 3549 1008 3615 sint
1028 3548 1205 3615 translata
1226 3549 1340 3616 verba

157 3656 307 3724 libandi.
352 3657 472 3725 Voces
495 3652 652 3736 σπονδαί,
681 3653 887 3722 σπένδεσθαι
910 3658 969 3725 vel
991 3651 1138 3734 σπονδὰς
1159 3661 1339 3722 ποιεῖσθαι

157 3768 417 3854 posterioribus
432 3769 655 3855 temporibus
670 3769 722 3836 ita
737 3767 904 3837 adhiberi
925 3768 1050 3852 solent,
1073 3772 1114 3835 ut
1136 3769 1342 3854 significent

157 3881 442 3960 111111011001111
462 3917 495 3925 -
518 3880 679 3947 indutias
701 3880 830 3964 facere,
852 3880 979 3948 foedus
1001 3881 1102 3948 inire.
1140 3879 1263 3949 Facile
1285 3881 1340 3948 in-

157 3989 349 4074 tellegitur,
372 3989 468 4058 hanc
491 3991 594 4059 verbi
616 3990 919 4076 significationem
934 3990 1103 4059 haustam
1127 4011 1204 4059 esse
1227 4012 1272 4059 ex
1295 3993 1340 4060 iis

157 4099 410 4184 libationibus,
443 4122 536 4188 quae
566 4101 703 4170 fiebant
732 4102 771 4170 in
806 4103 886 4170 iure
918 4101 1084 4169 iurando.
1130 4101 1250 4170 Huius
1287 4104 1341 4170 rei

156 4211 312 4296 vestigia
334 4213 505 4280 exsistere
528 4216 615 4298 puto
638 4214 689 4280 eis
712 4213 817 4296 locis,
850 4213 914 4280 ubi
937 4217 1204 4300 componuntur
1231 4234 1340 4277 σπον-

162 4367 366 4376 --.---

245 4449 264 4515 ’1
282 4446 320 4504 Cf.
338 4448 524 4518 Furtwangler
541 4449 560 4504 1.
579 4467 601 4504 c.
619 4467 643 4520 p.
663 4450 705 4503 24.
