3316 5200
752 385 941 448 ..3..

253 570 510 656 antiquissima
536 569 787 646 Romanorum
818 570 992 656 religione
1023 570 1214 638 libationes
1241 571 1441 657 plurimum

243 675 477 764 10100111,-
498 684 539 748 ut
566 684 691 768 postea
720 683 925 749 accuratius
951 701 1172 770 exponemus
1196 717 1236 728 -
1260 667 1440 750 conicien-

253 790 345 857 dmn
368 811 446 858 esse
468 791 559 860 mihi
580 793 738 875 videtur,
766 794 841 860 iam
862 793 907 860 iis
930 793 1166 878 temporibus7
1190 793 1254 859 ubi
1275 793 1441 860 nondum

133 981 140 995 .
255 921 324 968 usu
348 923 390 969 ac
414 904 631 972 commercio
661 904 854 970 coniuncta
880 905 935 970 est
959 907 1113 988 utraque
1136 921 1239 987 gene,
1267 903 1367 970 libare
1388 905 1440 971 ita

253 1012 460 1081 adhibitum
483 1033 575 1098 esse,
607 1017 647 1080 ut
670 1015 763 1081 actio
786 1014 946 1100 liquores
973 1013 1183 1080 effundendi
1205 1013 1438 1098 significetur.

253 1123 310 1192 De
332 1125 565 1212 responsione
588 1125 763 1213 quadam,
788 1144 899 1212 quam
926 1144 1009 1191 cum
1033 1125 1248 1192 sanseritica
1268 1125 1393 1192 radice
1417 1127 1441 1191 a

132 1302 137 1312 ,
252 1236 427 1303 exsistere
449 1258 483 1303 r.
508 1237 542 1304 d.
565 1240 708 1322 putant,
735 1239 890 1319 taceam,
919 1236 1092 1323 quoniam
1119 1235 1164 1303 de
1187 1234 1256 1302 hac
1279 1256 1318 1303 re
1341 1239 1440 1304 certa

249 1347 364 1412 statui
385 1366 459 1412 non
481 1350 642 1433 possunt.
668 1385 707 1394 —

339 1457 505 1544 Denique
530 1458 695 1524 dicamus
719 1458 763 1525 de
784 1457 890 1524 tertio
906 1458 1029 1540 verbe,
1053 1457 1151 1544 quod
1175 1455 1368 1525 adhibetur
1390 1459 1438 1525 ad

252 1567 464 1636 libationem
496 1568 776 1654 significandam
805 1565 878 1651 χέω,
910 1588 981 1655 quo
1013 1568 1264 1654 quaestionem
1293 1589 1438 1656 promo-

254 1680 334 1746 veri
349 1699 486 1748 censeo.
524 1679 623 1748 Nam
638 1679 746 1746 huius
760 1680 863 1747 vocis
881 1699 1016 1747 sanscr.
1040 1679 1203 1746 radicem
1225 1679 1303 1746 sine
1326 1679 1438 1747 dubio

249 1791 298 1854 ⁴ta
312 1790 424 1858 fuisse
449 1790 518 1858 11οο
533 1794 695 1877 tempore
710 1811 816 1858 nemo
831 1791 989 1876 negabit.
1027 1788 1069 1858 G.
1086 1788 1233 1857 Curtius
1243 1789 1268 1872 ¹)
1284 1791 1439 1858 eandem

251 1901 462 1987 opinionem
472 1904 616 1968 secutus
627 1903 739 1970 verba
749 1903 899 1967 otuu-as
909 1900 1049 1983 (Eimer)
1059 1904 1093 1967 et
1101 1891 1200 1980 χύτρα
1217 1899 1281 1981 (zd.
1291 1900 1437 1984 anoldre)

251 2011 398 2098 profert,
423 2013 555 2099 quibus
577 2011 669 2079 haec
690 2013 881 2079 nominum
902 2011 1148 2098 interpretatio
1171 2009 1281 2079 valde
1305 2011 1437 2079 confir-

124 2149 126 2156 ’
252 2125 383 2189 matur.
407 2159 448 2170 -
470 2123 591 2209 Atque
614 2123 719 2190 nobis
741 2123 1021 2210 inquirentibus
1050 2121 1138 2208 quid
1166 2121 1210 2188 de
1234 2142 1272 2189 re
1295 2123 1375 2208 ipsa
1396 2125 1436 2189 in

252 2232 366 2300 Vedis
389 2234 565 2301 traditum
587 2235 643 2316 sit,
666 2233 772 2301 multi
788 2236 983 2301 occurrunt
997 2233 1078 2314 loci,
1102 2233 1235 2319 quibus
1250 2234 1436 2320 probatur,

171 2328 175 2335 ⁴
251 2344 463 2412 libationem
486 2346 684 2431 antiquitus
706 2347 746 2411 in
767 2365 836 2411 usu
858 2344 970 2412 fuisse
993 2344 1217 2429 singularem
1239 2343 1342 2412 nulla
1364 2345 1437 2412 alia

252 2457 475 2524 caerimonia
497 2456 671 2523 adiuncta
692 2457 763 2523 nisi
785 2457 1006 2550 precatione3
1040 2458 1150 2541 atque·
1170 2455 1234 2538 ita,
1263 2458 1303 2521 ut
1328 2457 1436 2524 radix

162 2651 165 2656 ,
250 2569 293 2632 bu
315 2568 450 2653 ubique
477 2569 516 2633 in
537 2565 704 2652 Rigveda
731 2566 910 2652 significet
937 2567 1119 2632 litationem
1144 2565 1310 2644 effundere.
1355 2564 1436 2646 Qua

251 2678 296 2745 de
318 2699 358 2746 re
381 2677 657 2762 diligentissime
680 2678 851 2745 tractavit
865 2675 1088 2760 Aufrecht3‘2)
1113 2677 1176 2762 qui
1192 2678 1360 2744 omnibus
1376 2676 1433 2744 his

250 2789 340 2856 loeis
363 2788 572 2874 compositis
588 2788 722 2869 statuit,
744 2786 957 2874 plerumque
973 2786 1068 2854 hanc
1083 2807 1212 2854 vocem
1231 2786 1432 2854 adhibitam

250 2919 329 2967 esse
346 2899 393 2966 ad
408 2899 620 2967 libationem
636 2899 910 2990 designandam,
934 2900 974 2964 ut
989 2919 1061 2964 vox
1080 2898 1309 2964 substantiva
1330 2899 1434 2982 kaupo·

249 3031 391 3097 semper
414 3010 618 3075 libamentum
640 3009 816 3076 vertenda
837 3011 891 3076 sit.
930 3008 1066 3076 Contra
1087 3008 1154 3076 hos
1177 3008 1311 3074 multos
1333 3009 1432 3076 locos

248 3121 340 3188 nihil
372 3121 494 3188 valere
525 3139 726 3207 perpaucos
750 3139 821 3203 eos,
854 3121 985 3207 quibus
1015 3140 1089 3186 non
1122 3120 1168 3185 sit
1199 3120 1433 3186 coniunctum

250 3252 334 3298 curn
356 3231 560 3318 liquoribus
582 3231 738 3298 verbum
759 3231 816 3310 laq
839 3232 927 3317 quin
942 3231 1051 3298 etiam
1066 3231 1104 3296 in
1126 3229 1183 3297 his
1205 3230 1294 3316 ipsis
1316 3231 1432 3296 notio-

248 3363 334 3410 nem
356 3342 460 3409 illam
481 3343 639 3428 primam
655 3343 787 3424 liquoris
802 3341 1074 3427 agnoscendam
1089 3360 1181 3422 esse3
1203 3341 1243 3406 in
1257 3341 1301 3406 iis
1318 3342 1430 3427 scrip-

246 3454 307 3536 tis,
341 3473 434 3539 quae
465 3457 546 3538 post
572 3451 778 3538 Rigvedam
809 3452 1009 3539 composita
1032 3451 1112 3533 sint,
1139 3452 1183 3515 110
1208 3451 1260 3516 ita
1287 3471 1430 3538 quoque

247 3565 426 3650 usurpari,
450 3567 491 3630 ut
506 3563 617 3648 vulgo
639 3565 822 3644 comprare
845 3562 979 3629 audiat.
1003 3598 1045 3607 —
1068 3559 1207 3640 Quibus
1226 3561 1266 3627 in
1287 3561 1429 3628 libatio-

246 3675 355 3742 nibus
386 3674 498 3741 Indos
533 3675 661 3741 eadem
693 3674 848 3740 sensisse
887 3693 929 3740 ae
962 3670 1122 3740 Graecos
1152 3670 1238 3738 hinc
1270 3676 1428 3758 apparet,

245 3786 344 3872 quod
359 3804 561 3872 perpaucas
577 3787 698 3868 guttas
714 3784 957 3867 effundebant,
981 3784 1113 3869 quibus
1134 3783 1223 3850 deus
1238 3782 1428 3850 frueretur.

244 3897 285 3962 E.
310 3916 344 3981 g.
375 3896 518 3983 profero
550 3896 691 3979 locum,
723 3915 832 3981 quem
857 3893 1035 3962 Aufrecht
1065 3893 1135 3961 1100
1165 3894 1274 3961 modo
1307 3895 1426 3960 vertit:

244 4008 319 4072 Fur
340 4007 439 4088 chb,
465 4010 565 4092 Aput,
591 4005 698 4096 fallen
727 4003 872 4088 Tropfeu
897 4027 956 4071 voa
983 4007 1083 4070 Mart
1108 4008 1176 4070 aad
1200 4005 1333 4085 Butam
1368 4026 1427 4070 noa

333 4177 351 4244 ¹)
371 4179 388 4232 1.
407 4179 424 4231 1.
443 4197 467 4249 p.
487 4178 546 4231 204.
577 4177 615 4232 cf.
630 4175 805 4232 Grassmann:
824 4175 915 4226 liuline
929 4175 1091 4242 Zeitscdrift‚
1109 4175 1156 4242 XI,
1175 4192 1200 4244 p.
1213 4175 1254 4227 40.
1286 4172 1426 4233 Prellwitz,

242 4263 331 4332 Etym.
349 4264 525 4318 Wdrterbuch
545 4263 569 4316 d.
588 4280 627 4331 gr.
647 4262 703 4331 Spr.
723 4280 744 4317 s.
762 4281 785 4316 v.
802 4260 861 4331 χέω
879 4279 904 4330 p.
923 4261 981 4314 356.

330 4367 352 4432 1)
372 4366 464 4418 liuius
484 4367 645 4434 Zeitscdrrft
663 4367 735 4433 XIV,
753 4383 777 4436 p.
797 4365 855 4418 268.
1259 4445 1272 4474 *

1239 4447 1252 4499 1
