3316 5200
803 440 1016 502 ,64-

318 632 404 710 tam,
415 632 437 708 ¹)
465 627 504 692 in
527 644 599 706 qua
618 621 786 692 Bacchus
809 623 937 690 eodem
958 622 1087 690 habitu
1108 624 1237 710 pictae,
1261 644 1371 704 quem
1394 643 1512 711 supra

319 737 510 824 descripsi,
537 735 686 802 sinistra
711 731 837 819 thyrso
863 734 966 800 nisus
989 733 1119 802 dextra
1139 733 1353 802 libationem
1376 735 1468 803 facit
1491 757 1511 804 e

319 847 505 917 cantharo.
544 842 660 926 Quem
675 843 899 911 exadversus
914 848 1058 930 satyrus
1074 848 1251 923 versatur,
1274 847 1336 926 qui
1358 846 1512 914 sinistra

321 959 462 1027 arboris
485 961 657 1024 truncum
679 955 738 1022 vel
752 975 906 1038 ramum,
922 955 1051 1022 dcxtm
1065 954 1233 1023 hirneam
1248 958 1390 1038 tenet.²)
1423 956 1510 1025 Alio

320 1071 402 1138 loco
424 1069 541 1136 Amor
562 1065 708 1136 Baccho
730 1066 914 1132 ministrat
935 1065 1190 1150 libationem‚³)
1213 1066 1279 1134 sed
1300 1066 1373 1135 hoc
1396 1069 1511 1135 usita-

319 1185 397 1248 tum
419 1200 493 1247 nun
516 1181 580 1260 est,
603 1182 638 1245 et
659 1178 779 1264 potius
802 1176 851 1242 ad
870 1176 1094 1262 singularem
1109 1176 1294 1257 quandam
1309 1197 1390 1244 rem
1406 1198 1509 1265 spec-

320 1295 397 1359 tare
413 1309 551 1358 censeo.
589 1286 777 1355 Bacchum
792 1288 829 1353 in
846 1307 950 1354 aram
971 1286 1148 1355 libantem
1169 1289 1208 1354 in
1230 1288 1383 1355 vasculo
1407 1289 1509 1356 vide-

321 1421 413 1484 mus,
436 1399 533 1482 quod
554 1397 745 1466 Benndorf
764 1397 1001 1478 delineavit.)
1038 1397 1120 1464 Hoc
1142 1418 1282 1479 quoque
1303 1396 1386 1467 loco
1412 1399 1510 1467 diem

320 1513 454 1580 festum
477 1529 657 1577 unacum
678 1508 919 1575 maenadibus
941 1508 1120 1576 celebrari
1140 1512 1248 1595 patet.
1286 1508 1433 1577 Paucos
1457 1511 1510 1576 in-

321 1624 406 1691 veni
420 1621 530 1704 locos,
552 1620 618 1688 ubi
639 1622 765 1705 patera
789 1620 900 1686 utitur
918 1617 1086 1685 Bacchus
1107 1638 1174 1705 pru
1190 1618 1415 1703 cantharo;⁵)
1440 1641 1511 1702 qua

324 1755 363 1801 re
384 1732 454 1800 hoc
477 1731 690 1798 inusitatum
711 1729 823 1796 fuisse
846 1729 1124 1796 demonstratur.

409 1843 544 1925 Restat,
559 1845 599 1907 ut
615 1841 772 1908 breviter
786 1840 967 1926 disputem
983 1839 1028 1907 de
1042 1841 1170 1926 paucis
1185 1840 1355 1924 vasculis,
1378 1843 1418 1908 in
1435 1843 1511 1922 qui-

324 1956 394 2024 bus
416 1953 621 2021 Mercurius
643 1954 770 2034 exstat,
792 1952 854 2031 qui
875 1950 1087 2018 libationem
1109 1951 1270 2018 effundit
1307 1951 1365 2018 Ea
1383 1972 1510 2019 monu-

324 2069 456 2148 menta,
480 2083 570 2145 quae
585 2062 690 2129 illum
712 2062 897 2148 praebent,
922 2081 1006 2128 cum
1022 2062 1209 2130 victimam
1224 2062 1326 2129 ducit
1341 2063 1390 2130 ad
1406 2083 1510 2131 aram

324 2180 557 2264 pateramque
572 2173 735 2260 portati),
758 2171 830 2239 huc
845 2173 1024 2258 pertinere
1039 2191 1110 2239 non
1127 2175 1224 2258 puto.
1260 2172 1358 2241 Nam
1373 2175 1508 2242 talibus

325 2288 433 2356 rebus
455 2286 518 2353 ille
540 2288 594 2352 est
616 2287 829 2370 occupatus,
861 2283 984 2364 quales
1010 2286 1095 2349 sunt
1120 2285 1355 2370 praeconis.⁷)
1400 2285 1451 2351 At
1471 2287 1507 2352 in

325 2400 377 2466 eis
400 2396 569 2477 vasculis,
593 2415 684 2476 quae
706 2414 804 2462 nunc
827 2393 1032 2475 quidemin
1055 2394 1177 2460 animo
1201 2398 1408 2478 versantur,
1432 2397 1507 2482 ipse

325 2507 429 2576 offert
450 2507 662 2574 libationem
678 2505 777 2572 deus.
817 2502 981 2584 Quorum
1003 2503 1075 2570 duo
1096 2507 1189 2588 sunt,
1212 2506 1251 2572 in
1267 2505 1398 2586 quibus
1413 2505 1507 2573 Mer-

325 2621 448 2687 curius
470 2617 575 2684 humi
596 2615 749 2682 effundit
770 2615 946 2697 vinum,⁸)
971 2635 1101 2697 unum,
1130 2615 1195 2683 ubi
1216 2616 1254 2682 in
1277 2637 1382 2683 aram
1405 2616 1447 2684 fit
1467 2617 1508 2684 li-

325 2730 466 2810 batto.)
512 2726 609 2808 Quid
637 2727 696 2808 sit,
729 2746 794 2793 cur
820 2725 910 2793 libet
936 2726 1038 2808 deus,
1069 2746 1144 2792 non
1170 2727 1309 2808 divin0,
1338 2729 1508 2808 quoniam

325 2860 457 2928 parum
480 2841 597 2906 exstat
618 2840 953 2920 monumentorum,
980 2858 999 2904 e
1031 2838 1162 2917 quibus
1192 2841 1423 2906 accuratiora
1452 2860 1508 2907 co-

325 2951 453 3037 gnosci
474 2951 621 3037 possint.
666 2948 783 3016 Immo
806 2948 961 3034 explico,
991 2947 1142 3015 deorum
1168 2969 1308 3030 quoque
1329 2952 1507 3033 nuntium,

325 3063 538 3149 priusquam
563 3061 632 3127 iter
657 3058 900 3144 ingrediatur,
931 3058 1081 3126 libando
1108 3059 1210 3127 adire
1238 3060 1340 3143 deos,
1372 3064 1413 3127 ut
1439 3063 1509 3128 sint

325 3173 472 3260 propitii
493 3172 646 3257 incepto.
1513 3246 1517 3256 Ι

411 3283 492 3350 Iam
519 3301 605 3348 vero
633 3280 681 3348 ad
708 3280 807 3348 aliud
835 3284 1153 3347 monumentorum
1175 3299 1291 3366 genus
1313 3285 1507 3366 transeam,

326 3395 364 3460 in
387 3393 529 3475 quibus,
551 3410 769 3472 quamquam
792 3391 850 3458 dei
869 3394 1014 3477 pateras
1029 3391 1199 3459 manibus
1214 3395 1346 3477 tenent,
1368 3392 1509 3461 libandi

416 3601 432 3661 ¹)
451 3596 489 3653 (ll.
508 3595 699 3664 Furtvingler.
718 3596 735 3649 l.
755 3613 776 3649 c.
794 3613 835 3648 no.
854 3595 929 3649 2237.

415 3700 436 3767 ²)
454 3699 494 3755 cf.
513 3698 656 3753 Tischbein
674 3698 691 3751 l.
711 3715 732 3752 c.
750 3697 770 3750 Ι.
791 3699 832 3752 29.
861 3697 996 3753 Gcrhard:
1013 3698 1145 3752 Auser-les.
1166 3696 1278 3752 Vasenb.
1299 3697 1318 3751 l.
1337 3699 1396 3753 57.³

415 3803 435 3870 8)
454 3801 596 3856 Tischbein
614 3803 631 3855 1.
651 3819 672 3855 ο.
691 3799 725 3856 11.
743 3801 784 3855 35.
1149 3783 1152 3789 ’

414 3905 436 3971 ⁴)
454 3905 561 3958 Wiener
578 3903 794 3973 Vorlegeblttter
814 3903 933 3971 1890191λ
953 3905 991 3956 tb.
1010 3903 1069 3958 Vll.
1088 3921 1128 3958 no.
1148 3905 1195 3958 2a.

415 4009 436 4072 ⁵)
454 4005 597 4062 Tischbein
614 4007 632 4060 l.
651 4024 673 4061 c.
693 4005 712 4059 l.
732 4007 774 4062 29.
810 4007 844 4060 Il.
860 4006 902 4060 48.

416 4111 436 4176 ⁵)
454 4110 562 4164 millia:
581 4110 666 4164 Psint.
686 4109 718 4164 de
735 4126 811 4163 vases
830 4108 850 4160 l.
869 4109 909 4162 51.

417 4212 494 4280 le-
513 4211 643 4268 Rcscher:
661 4212 773 4281 Mythol.
795 4212 906 4266 Lericon
924 4229 949 4281 p.
968 4211 1043 4265 2363.
1063 4212 1138 4266 2403.

416 4317 437 4382 ⁸)
454 4315 527 4370 Elile
544 4313 639 4369 odram.
658 4314 705 4370 Ill.
725 4315 765 4370 73.
802 4314 913 4368 Roulez:
932 4314 948 4367 l.
968 4332 989 4368 c.
1008 4315 1080 4368 XX2.

416 4421 437 4483 ⁹)
455 4419 527 4473 lilite
546 4416 639 4472 ceram.
659 4417 710 4470 lll.
728 4418 770 4472 76,
