3316 5200
674 501 887 566 -37-

188 689 407 768 Eumenidae,
433 688 534 768 Area,
563 685 681 751 Museo
706 688 773 752 and
798 687 969 770 Nymphon
994 685 1208 769 duryebrocbt.
1255 681 1374 764 Quam

191 799 408 866 sententiam
437 796 510 864 illis
541 796 773 884 Empedoclis
805 796 927 864 verbis
960 795 1101 863 firmari
1131 814 1279 876 censeo,
1310 794 1375 860 ubi

191 910 383 976 libationes
409 906 513 974 humi
535 906 784 990 effunduntur,
810 906 850 974 id
873 906 971 994 quod
993 905 1073 973 fieri
1095 904 1235 972 solebat
1260 906 1298 972 in
1320 905 1374 971 in-

190 1019 352 1086 ferorum
376 1017 528 1085 deorum
551 1017 659 1085 cultu.

278 1153 424 1224 Baccho
458 1146 604 1239 νηφάλια
629 1155 733 1221 lacta
763 1173 841 1221 esse
867 1156 1010 1240 praeter
1033 1151 1268 1220 Polemonem
1289 1150 1375 1218 Plu-

193 1265 373 1348 tarchus¹)
393 1265 512 1342 refert,
535 1285 606 1352 quo
630 1285 675 1333 ex
689 1266 770 1332 looo
792 1265 899 1352 plura
915 1264 1129 1332 concludere
1152 1283 1226 1330 non
1248 1263 1374 1330 ausim.

194 1377 268 1447 Sed
308 1378 388 1445 iure
428 1375 614 1462 scengen)
664 1377 880 1444 contendere
919 1376 1080 1458 videtur,
1120 1373 1266 1441 Baccho
1309 1373 1376 1439 deo

193 1487 309 1554 infero
344 1479 490 1572 νηφάλια
526 1488 650 1555 oblata
692 1507 778 1554 esse.
831 1487 912 1553 Iam
943 1507 1028 1553 vero
1065 1483 1259 1552 Erechthei
1289 1483 1374 1551 filiis

194 1599 386 1667 libationes
414 1598 555 1665 sobrias
587 1598 719 1664 effusas
743 1617 835 1678 esse,
860 1597 946 1683 quia
967 1599 1083 1684 patre,
1109 1595 1263 1662 Telluris
1289 1595 1376 1674 filie,

194 1713 302 1777 natae
326 1709 524 1776 inferorum
548 1707 718 1776 sacrificii
740 1708 934 1795 participes
961 1711 1072 1790 erant,
1096 1709 1254 1789 nonest,
1278 1705 1376 1793 quod

197 1821 451 1887 demonstrem.
505 1819 549 1887 In
580 1819 708 1887 eodem
738 1819 931 1886 numinum
967 1837 1098 1903 genere
1136 1817 1378 1905 Sosipolidom

197 1951 342 2018 quoque
363 1929 574 1998 habendum
596 1949 684 2013 esse,
706 1929 792 1996 hinc
815 1929 946 2012 elucet,
970 1929 1069 2015 quod
1090 1929 1191 1996 Elios
1213 1927 1379 1994 illumin

195 2040 453 2109 iureiurando
479 2044 626 2108 testatos
654 2060 732 2108 esse
754 2039 958 2108 Pausanias
986 2040 1137 2121 tradit.³)
1182 2038 1286 2106 Idem
1312 2057 1379 2104 nos

198 2153 342 2234 docet,⁴)
364 2151 491 2219 vinum
506 2153 642 2220 ineam
658 2171 770 2233 aram,
794 2171 887 2238 quae
903 2149 1092 2238 Olympiae
1115 2151 1283 2217 omnibus
1295 2138 1381 2216 'deis

198 2262 368 2330 dedicata
383 2264 470 2343 erat,
492 2262 647 2330 libatum
662 2283 735 2329 non
752 2282 843 2344 esse3
865 2262 904 2329 id
920 2260 1019 2349 quod
1033 2264 1225 2348 propterea
1242 2261 1380 2328 factum

198 2393 278 2441 esse
301 2391 439 2456 censeo,
463 2373 560 2460 quod
583 2373 642 2440 dei
661 2393 805 2460 quoque
827 2373 934 2439 inferi
956 2371 1064 2439 huius
1080 2393 1165 2439 arae
1188 2372 1381 2458 participes

198 2487 312 2551 erant.

287 2609 393 2692 Quod
415 2612 568 2699 pertinet
593 2612 642 2680 ad
665 2612 804 2679 cultum
825 2612 943 2720 JpviS,
967 2633 1076 2699 quem
1100 2609 1233 2678 Graeci
1254 2599 1405 2672 ὕπατον

199 2725 239 2791 in
270 2744 354 2791 arce
377 2722 606 2791 Athenarum
626 2726 908 2807 venerabantur,
941 2723 1069 2792 eadem
1091 2722 1284 2790 statuenda
1305 2740 1384 2788 esse

200 2835 382 2919 existimo,
410 2855 503 2922 quae
525 2836 566 2903 E.
591 2835 737 2903 Curtius
760 2836 929 2923 probavit
954 2835 993 2901 in
1014 2832 1261 2921 nympharum
1284 2831 1382 2900 cultu

200 2946 422 3014 disserendo.
476 2946 575 3014 Nam
610 2945 707 3014 hanc
741 2947 844 3015 Jovis
880 2947 1094 3031 religionem
1130 2945 1385 3032 perantiquam

200 3057 328 3142 fuisse,
357 3057 444 3125 hinc
470 3078 646 3145 apparere
677 3061 779 3146 puto,
811 3058 910 3145 quod
935 3057 1172 3141 Pausaniam)
1198 3057 1284 3125 Jovi
1308 3055 1386 3124 liba

202 3170 465 3256 libationesque
487 3171 574 3236 vino
597 3190 671 3237 non
694 3169 818 3237 addito
842 3170 966 3238 oblata
987 3189 1064 3237 esse
1087 3169 1207 3236 tradit.

288 3295 370 3364 Hoc
392 3296 471 3364 loco
498 3317 618 3385 pauca
639 3298 775 3365 addam
802 3297 846 3365 de
872 3318 917 3364 ea
937 3297 1245 3384 interpretatione,
1275 3315 1385 3382 quam

203 3408 340 3495 profert
360 3407 462 3474 Diels
484 3408 523 3475 in
555 3407 711 3476 oraculis
743 3407 922 3494 sibyllinis
946 3407 1217 3494 disputandis.⁶)
1263 3406 1384 3493 Atque

205 3537 346 3586 summo
356 3519 434 3587 iure
444 3517 573 3586 illevir
588 3519 819 3586 doctissimus
834 3539 998 3604 premere
1014 3518 1167 3601 videtur,
1183 3517 1385 3593 libationes,

205 3649 299 3716 quae
321 3621 464 3714 νηφάλια
487 3631 526 3698 in
549 3629 726 3698 sacrificio
749 3628 928 3716 piaculari
950 3630 1178 3712 adhibentur,
1201 3632 1278 3696 arte
1301 3647 1385 3696 con-

204 3740 409 3826 iungendas
432 3760 510 3808 esse
533 3762 617 3809 oum
640 3741 828 3826 sanguinis
850 3740 1031 3808 libatione.
1072 3741 1164 3808 Turn
1186 3739 1305 3826 pergit
1325 3737 1388 3806 ille

296 3957 314 4018 ¹)
334 3954 366 4008 de
384 3953 475 4008 tuend.
496 3971 551 4007 san.
569 3971 608 4023 pr.
627 3953 698 4006 XlX.

294 4061 316 4121 ²)
333 4057 419 4111 Jahns
436 4057 529 4110 Jahrb.
548 4057 566 4110 f.
580 4056 725 4125 Philologie
746 4056 820 4110 1887.
838 4074 863 4126 p.
883 4057 940 4109 649.
979 4054 1082 4109 Griech.
1102 4055 1243 4110 Sakrolult.
1261 4073 1286 4124 p.
1306 4054 1348 4107 72.

294 4159 479 4221 yssffla

294 4261 485 4329 bhffim

295 4368 315 4430 5)
333 4365 354 4418 l.
373 4365 415 4420 26.
436 4366 458 4419 1.

295 4472 316 4530 ὕ)
334 4467 521 4536 Sibyllinische
538 4469 643 4522 Blatter
661 4485 686 4536 p.
701 4467 731 4519 71
752 4485 800 4536 sqq
