3316 5200
656 477 869 539 ,79-

163 661 310 730 Hecub.
320 663 343 743 ¹)
367 661 544 744 versibus,
568 680 658 748 quos
680 680 791 747 supra
807 659 994 746 adscripsi,
1019 659 1177 726 dilucide
1193 663 1353 746 apparet,

166 771 355 840 Achillem
377 771 556 859 adpellari
579 791 601 838 a
623 770 713 854 filie,
740 774 780 838 ut
802 770 904 838 bibat
925 771 1101 838 libamina
1123 789 1240 856 neque
1263 789 1353 856 opus

165 884 328 966 videtur,
356 882 465 949 huius
491 883 544 949 rei
572 881 681 969 plura
701 881 909 948 testimonia
932 880 1068 947 afferre.
1093 915 1134 926 -
1158 879 1231 949 Sed
1253 880 1355 947 aliud

168 994 357 1080 quoddam
380 977 618 1080 premendum
641 1012 719 1060 esse
743 993 883 1079 opinor:
915 990 1052 1058 Mirum
1073 990 1231 1074 videtur,
1255 991 1354 1078 quod

168 1105 382 1192 saepissime
405 1104 676 1188 coniunguntur
699 1122 763 1170 eae
781 1102 983 1184 libationes,
1007 1121 1098 1189 quas
1121 1095 1267 1187 νηφάλια
1291 1121 1353 1168 vo-

169 1235 253 1282 care
276 1215 483 1298 solemus,2)
513 1234 598 1280 cum
621 1214 721 1296 vino,
749 1213 848 1300 quod
869 1213 942 1279 illis
965 1213 1231 1299 repugnarem
1253 1211 1353 1279 cultu

167 1326 358 1409 furiarum,
381 1323 637 1412 nympharum,
659 1344 849 1392 musarum
872 1327 936 1391 etc.
961 1343 1072 1410 supra
1095 1323 1350 1390 demonstravi.

167 1436 267 1504 Nam
299 1456 339 1503 re
371 1456 458 1503 vera
489 1435 556 1502 has
592 1455 734 1522 quoque
769 1434 961 1502 libationes
996 1435 1166 1502 funebres
1198 1435 1353 1501 eandem

167 1547 343 1615 habuisse
366 1548 455 1629 vim,
489 1565 531 1613 ac
559 1538 704 1632 νηφάλια
732 1546 884 1613 deorum
908 1545 1122 1629 inferorum,
1153 1545 1239 1613 hinc
1268 1565 1352 1613 con-

168 1658 269 1726 cludi
292 1660 422 1744 potest,
446 1657 544 1742 quod
566 1659 745 1723 vocantur
765 1651 996 1739 μειλίγματαθ)
1019 1656 1078 1723 vel
1099 1648 1352 1742 pertinebas)

166 1770 297 1855 Itaque
319 1769 394 1834 iam
417 1765 486 1835 hac
509 1788 553 1834 ex
576 1787 616 1835 re
639 1769 811 1852 cognosci
832 1771 961 1855 potest,
993 1768 1108 1835 factas
1131 1787 1209 1835 esse
1231 1767 1351 1835 libati-

105 1952 108 1962 ,
167 1899 266 1962 oneS,
282 1883 323 1945 ut
336 1881 563 1945 mortuorum
573 1879 716 1946 animae
725 1878 890 1964 placatae
905 1878 1069 1946 faverent
1079 1877 1300 1946 homiuibus
1314 1914 1352 1924 —

168 1989 242 2059 Sed
271 2009 345 2055 non
372 1987 491 2055 solum
518 1989 671 2054 numina
696 1988 827 2055 infesta
848 1988 1029 2056 habentur
1050 1989 1197 2072 mortui,
1229 1991 1270 2055 ut
1293 1988 1353 2055 dei

167 2100 289 2184 inferi,
314 2100 446 2186 quibus
469 2091 614 2184 νηφάλια
638 2098 851 2182 offeruntur,
874 2099 939 2166 sed
962 2100 1070 2167 etiam
1093 2098 1218 2167 haeret
1238 2100 1277 2166 in
1301 2101 1353 2166 eis

168 2210 310 2298 aliquid
332 2209 494 2292 humani,
518 2210 615 2296 quod
635 2209 718 2276 vino
743 2210 864 2277 oblato
888 2209 1101 2291 delectatum
1124 2213 1159 2278 et
1179 2209 1250 2278 hac
1272 2211 1353 2297 ipsa

167 2342 208 2388 re
232 2321 403 2389 differunt
424 2324 652 2387 mortuorum
675 2321 817 2387 animae
841 2341 863 2387 a
886 2321 963 2388 deis
985 2321 1119 2388 inferis.
1157 2320 1259 2388 Haec
1276 2323 1354 2389 ani-

168 2452 315 2498 marum
346 2435 478 2497 natura
509 2432 642 2517 optime
672 2431 875 2498 illustratur
901 2431 1157 2519 Aristophanis
1188 2433 1353 2516 verbisp)

171 2544 233 2629 qui
263 2543 400 2609 ironice
431 2544 558 2608 narrat
588 2542 632 2608 de
660 2542 736 2608 vita
765 2542 873 2609 beata
898 2545 1126 2608 mortuorum
1151 2544 1351 2610 beatorum.

172 2652 269 2735 Quos
294 2671 421 2719 versus
443 2651 513 2720 hoc
535 2653 615 2720 loco
639 2652 847 2720 adscribere
869 2652 989 2720 liceat:
1245 2661 1252 2670 ”

377 2760 450 2826 οὐδὲ
473 2757 534 2847 γὰρ
556 2753 596 2827 dv
619 2752 849 2839 ἀποθανόντες
870 2760 1130 2848 ἐστεφανωμένοι

377 2862 606 2955 προάκείμεθ’,
630 2866 705 2939 οὐδὲ
727 2867 885 2958 βακκάρει
907 2871 1096 2958 κεχριμέναι,

377 2979 406 3048 εἰ
428 2985 472 3071 μὴ
494 2978 708 3068 καταβάντας
730 2981 854 3062 εὐθέως
875 2980 985 3049 πίνειν
1006 2980 1080 3049 iter.

377 3089 435 3160 διὰ
457 3105 561 3159 ταῦτα
584 3089 645 3180 γάρ
668 3119 720 3160 τοι
743 3094 801 3160 καὶ
823 3096 997 3161 καλοῦνται
1020 3090 1195 3180 μακάριοι·

377 3207 446 3282 πᾶς
468 3201 529 3291 γὰρ
552 3204 636 3291 λέγει
658 3225 722 3284 τις
747 3197 764 3271 ὃ
785 3203 970 3293 μακαρίτης
993 3202 1126 3287 οἴχεται,

378 3314 597 3401 κατέδαρθεν·
623 3307 795 3399 εὐδαίμων,
820 3308 855 3394 ὃς
881 3307 939 3383 οὐκ
963 3307 1143 3384 ἀνιάσεται.

379 3425 436 3491 καί
458 3426 582 3511 θίομεν
605 3419 734 3494 αὐτοῖσι
757 3431 826 3505 τοῖς
847 3425 1062 3513 ε’ναγίσμασιν

380 3529 493 3624 ὥσπερ
516 3542 628 3604 θεοῖσι
651 3537 709 3603 καὶ
730 3533 810 3620 χοάς
832 3562 866 3624 γε
886 3539 1030 3622 χεόμενοι

380 3641 556 3732 αἰτούμεθ’
583 3641 700 3727 αὐτοὺς
720 3639 806 3733 δεῖρ’
833 3640 958 3715 ἀνεῖναι
981 3640 1160 3735 τάγαθάθ)

260 3780 341 3846 Iam
363 3801 407 3846 ex
431 3780 487 3847 his
510 3781 647 3846 ultimis
670 3781 790 3848 verbis
814 3785 976 3868 apparet,
1002 3779 1160 3848 Graecos
1183 3781 1253 3848 sibi
1273 3799 1355 3867 per-

176 3893 343 3974 suasisse,
366 3894 528 3958 mortuos
550 3910 724 3976 magnam
747 3891 918 3959 habuisse
934 3894 1008 3959 vim
1029 3892 1075 3959 ad
1092 3911 1150 3958 res
1164 3890 1353 3957 humanas.

179 3997 222 4003 m
237 3999 248 4002 μ
266 3997 340 4094 1ἵνα.
349 4001 410 4082 535
429 4045 485 4097 sqq.

263 4114 340 4181 2)Ο1,
360 4111 484 4166 llusthat.
504 4113 538 4166 ad
555 4111 604 4167 Od.
623 4112 655 4165 X.
675 4113 733 4167 519.

263 4200 285 4266 ³)
304 4198 342 4254 cf.
360 4198 482 4267 Aeschyl.
502 4198 616 4268 Choeph.
635 4215 671 4252 vs.
692 4199 723 4253 15

263 4285 341 4353 11)(31.
362 4285 475 4353 Aeschyl
502 4285 573 4338 Pers.
593 4301 630 4338 vs.
650 4285 700 4338 610

264 4373 284 4431 ⁵)
303 4371 437 4439 Tagenist.
457 4372 480 4423 11
509 4372 531 4424 l.
550 4387 586 4423 vs.
606 4371 622 4422 6
641 4387 697 4440 sqq.
726 4369 817 4431 (Koch.
837 4369 855 4423 l.
875 4386 902 4436 p.
920 4371 969 4423 517
988 4388 1013 4423 n.
1032 4369 1103 4436 488.)

265 4458 286 4519 1)
305 4455 343 4510 cf.
364 4453 464 4509 Platon.
483 4455 548 4524 ch.
568 4453 603 4507 ll.
622 4455 673 4508 363
692 4454 720 4509 C.
