3316 5200
800 459 1012 522 ,18-

399 630 547 726 Σπονδή·
576 634 668 705 δίδον
691 635 731 705 σύ
754 630 915 726 σπλάγχν’
941 630 1148 708 ἀκολουθῶν·
1176 646 1238 707 ποῖ
1260 641 1412 726 βλέπεις·

399 745 545 836 Sacrati·
570 740 643 834 φέρ’
668 737 694 814 ὦ
717 755 785 815 παῖ
807 748 935 818 Σωσία·
960 747 1103 840 σπονδή·
1127 754 1243 831 καλῶς.

398 858 496 946 ἔγχει·
520 865 613 938 θεοῖς
634 853 831 945 Ὀλυμπίοις
852 853 1022 947 είχιιίμεδα

398 963 617 1055 Ὀλυμπίαισι
641 975 729 1039 ποῖοι
752 968 897 1050 πάσαις·
921 970 1067 1059 λάμβανε

400 1080 458 1170 τὴν
479 1084 627 1169 γλῶτταν
648 1083 682 1148 ἐν
703 1086 821 1171 τούτῳ·
844 1079 974 1152 διδόναι
997 1083 1160 1174 σωτηρίαν

399 1185 533 1281 ῖγίειαν,
557 1185 674 1280 οῖγαδοῖ
697 1190 816 1276 πολλοί,
839 1197 903 1260 τῶν
925 1188 1026 1262 ὅντων
1046 1221 1081 1262 τε
1103 1209 1157 1261 νῦν

399 1297 539 1391 ἀγαθοῖν
560 1297 672 1393 ῖίνησιν
695 1308 796 1372 πᾶσι·
820 1298 914 1371 ταῦτ’
939 1299 1119 1390 εὐχώμεθα.

400 1433 540 1516 Quibus
564 1458 583 1504 0
606 1438 771 1504 versibus
795 1458 938 1524 quoque
960 1438 1090 1519 elucet,
1119 1439 1300 1525 quomodo
1323 1440 1502 1525 precatio-

314 1567 399 1614 nem
428 1547 580 1615 fecerint
612 1546 744 1615 Graeci
775 1549 813 1614 in
845 1548 1018 1615 libatione
1050 1549 1278 1617 effundenda.
1333 1549 1406 1619 Sed
1438 1549 1502 1617 alii

316 1661 459 1724 exstant
480 1658 565 1741 loci,
594 1659 657 1726 ubi
681 1658 739 1726 dei
765 1661 966 1726 invitantur
988 1661 1036 1727 ad
1062 1659 1273 1729 libationem
1295 1660 1499 1728 fruendam.

317 1767 429 1836 Ouios
456 1771 510 1837 rei
537 1771 744 1856 exemplum
772 1771 922 1837 afferam
947 1771 1203 1858 Aristophanis
1225 1771 1413 1858 Lysistrat.
1450 1792 1499 1838 ve.

320 1885 400 1946 1262
425 1900 502 1966 sqq,
524 1882 589 1947 ubi
611 1884 781 1967 precatur
804 1881 936 1947 chorus
957 1881 1344 1949 Lacedaemoniorum:

625 2004 770 2100 dypdren'
788 2006 924 2099 Ἄρτεμι
950 2010 1136 2102 σηροκτόνε·

624 2120 704 2208 μόλε
727 2127 828 2212 δεῦρο,
851 2121 993 2212 πιίρσενε
1016 2121 1083 2206 σαί,

625 2232 755 2312 ποττιῖς
778 2233 926 2314 σπονδὰς

626 2338 670 2424 ὡς
691 2347 823 2434 συνέχῃς
845 2344 950 2412 πολδν
973 2339 1035 2431 ἁμὲ
1056 2341 1176 2433 χρόνον.

402 2477 445 2544 111
477 2479 701 2545 carminibus
732 2478 969 2564 popularibus
997 2479 1065 2564 (ap.
1088 2478 1291 2564 Berglrium
1317 2482 1408 2564 poet.
1433 2479 1499 2564 lyr.

317 2608 436 2673 graec.
455 2593 475 2656 ⁴.
493 2589 557 2655 ΙΙΙ.
574 2610 607 2675 p.
626 2590 703 2672 658)
727 2593 870 2656 servata
893 2593 978 2655 sunt
999 2590 1122 2672 verba,
1147 2610 1239 2676 quae
1262 2590 1499 2676 pronuntian-

318 2704 385 2780 tur,
411 2700 498 2767 dum
521 2699 563 2766 fit
583 2699 725 2766 libatio:

627 2821 677 2902 τίς
702 2825 787 2913 τῇδε·
811 2824 932 2889 πολλοὶ
954 2815 1117 2910 κάγαθοί·

627 2934 809 3016 ίκκίχνται·
832 2932 923 3000 κοίλει
946 2931 1036 3001 θεόν.

318 3071 395 3133 111111
427 3087 551 3154 preces
583 3068 774 3133 mittuntur
806 3067 853 3132 ad
885 3067 1002 3134 deum.
1052 3067 1192 3133 Eadem
1224 3069 1337 3134 verba
1373 3067 1500 3134 laudat

319 3177 582 3281 Aristophanes
605 3177 690 3246 Pac.
714 3181 860 3244 10968.
899 3176 952 3245 Of.
976 3177 1158 3244 scholiast.

404 3306 485 3373 Iam
508 3326 594 3373 vero
618 3305 777 3373 Graecos
804 3307 843 3372 in
869 3305 1019 3373 libando
1042 3306 1171 3373 modos
1195 3305 1387 3373 sollemnes
1411 3307 1501 3373 ceci-

319 3419 417 3484 nisse
440 3418 529 3484 satis
557 3420 698 3484 constat
726 3420 762 3483 et
789 3417 912 3482 statim
939 3417 1097 3483 occurrit
1127 3415 1225 3482 illius
1251 3418 1358 3484 metri
1383 3437 1502 3483 recor-

320 3529 428 3611 datio,
452 3528 551 3614 quod
573 3527 642 3594 hac
666 3547 710 3594 ex
736 3526 994 3594 consuetudine
1017 3547 1149 3594 nomen
1173 3527 1321 3594 duxisse
1343 3526 1500 3594 videtur:

320 3639 511 3726 spondeus
558 3637 671 3705 Cuius
703 3658 834 3705 nornen
865 3639 938 3704 iam
971 3639 1113 3705 metrici
1143 3640 1239 3706 recte
1264 3618 1500 3724 explicarunt,

321 3770 477 3836 quorum
513 3770 627 3815 unum
664 3748 734 3816 hoc
770 3748 850 3815 loco
886 3748 1049 3816 laudem:
1087 3749 1191 3817 Isaac
1218 3748 1440 3816 Monachum
1467 3754 1499 3814 5:

320 3858 474 3942 Δεύτερος
496 3848 514 3923 ὃ
538 3860 720 3935 σπονδεῖος,
744 3855 779 3920 ἐκ
802 3852 859 3920 δίο
882 3859 1015 3941 μακριῦν
1033 3856 1249 3940 συγκειμένας·
1277 3851 1499 3940 παρωνόμασ-

320 3994 375 4033 ται
400 3968 436 4034 δὲ
459 3961 570 4054 οδτιος,
594 3960 644 4034 ὅτι
661 3968 694 4033 ἐν
708 3972 782 4046 ταῖς
797 3972 969 4048 σπονδαῖς,
994 3960 1096 4033 ὅέστι
1112 3969 1318 4054 διαλλαγαῖς,
1341 3964 1502 4044 τοιούτοις

320 4079 450 4164 μέτροις
480 4077 625 4166 ἐχρῶντο.
670 4082 713 4149 111
745 4081 932 4148 Analectis
964 4082 1227 4166 grammaticis
1265 4102 1358 4168 quae
1390 4081 1502 4149 edidit

321 4194 420 4277 Keil,
444 4198 477 4277 6,
502 4198 530 4260 6.
558 4193 765 4280 exemplum
795 4193 878 4259 talis
905 4191 1032 4278 hymni
1058 4192 1158 4260 hisce
1185 4192 1306 4260 verbis
1339 4193 1499 4260 affertur:

322 4303 502 4380 Σπονδεῖος
535 4291 694 4389 δ’ίκλήδη
727 4303 785 4367 τοῦ
815 4301 945 4387 ῥυθμοῦ
979 4291 1048 4365 ἀπὸ
1080 4302 1138 4366 τοῦ
1168 4299 1201 4364 ἐν
1236 4304 1312 4378 ταῖς
1343 4304 1502 4378 σπονδαῖς

322 4409 546 4496 ἐπαολομένοο
568 4410 682 4478 τεκαὶ
705 4409 918 4499 ἒπᾳδομίνον,
942 4400 1025 4476 οἷον·
