3316 5200
634 461 847 524 ..73-

146 647 203 710 der
227 643 321 722 Sino,
344 645 474 710 welobcr
495 647 551 710 der
572 644 787 728 Aasslalluop
811 646 865 710 der
891 642 1018 710 Grata
1037 668 1077 710 νιι
1096 643 1228 711 Grande
1251 647 1334 731 11191,

147 757 255 822 blarer
276 777 319 821 zu
346 760 433 839 Tapc
455 761 564 821 treton.
610 753 679 823 Oui
700 756 989 842 interpretationi
1010 755 1118 842 plane
1141 757 1334 838 assentior}

18 955 19 960 ἵ
148 868 236 954 quin
268 868 378 934 etiarn
401 885 693 953 supervacaneae
726 865 899 934 hocloco
931 867 1101 934 videntur
1130 866 1333 951 libationes,

148 978 248 1064 quod
271 970 545 1059 ο1αἳμακοορίαι
570 978 644 1044 iarn
667 977 853 1045 adhibitae
876 980 961 1044 sunt
987 981 1022 1044 et
1043 979 1120 1045 vini
1141 978 1333 1046 libationes

147 1090 352 1175 insequenti
366 1091 471 1156 nocte
487 1087 731 1155 effimduntur.
748 1125 790 1134 -
806 1086 1038 1176 Quamquam
1060 1089 1335 1157 concedendum

149 1203 210 1284 est,
232 1200 314 1267 fieri
335 1219 456 1286 posse,
484 1202 524 1266 111
546 1199 760 1267 animalium
784 1219 938 1287 corpora
965 1200 1093 1267 eodem
1116 1218 1239 1283 sensu,
1262 1220 1334 1287 quo

147 1311 219 1377 mel
242 1310 434 1397 oleumque
457 1313 600 1376 mortuo
624 1309 750 1377 addita
766 1311 851 1393 sint,
873 1313 997 1378 tamen
1018 1311 1133 1378 multo
1156 1311 1333 1378 verisimi-
1392 1329 1416 1399 q
1457 1315 1463 1331 '
1625 1395 1639 1404 ,

147 1421 217 1488 lius
241 1424 342 1507 puto,
376 1441 418 1488 ea
450 1422 625 1502 comburi,
658 1420 757 1507 quod
787 1422 934 1507 impura
963 1420 1061 1489 iacta
1092 1424 1177 1488 sunt
1206 1422 1334 1508 pingui
1386 1444 1396 1487 1
1438 1491 1440 1501 ,
1482 1371 1606 1509 istltx

148 1535 291 1599 mortuo
316 1531 489 1599 adhibito.
515 1568 553 1578 —
577 1532 701 1618 Equos
725 1535 760 1599 et
782 1552 891 1599 canes
920 1553 993 1598 non
1015 1533 1183 1600 victimas
1205 1533 1333 1600 immo-

147 1642 240 1709 latas
264 1663 358 1725 esse,
381 1663 453 1709 non
477 1646 531 1709 est
557 1643 655 1729 quod
678 1643 844 1729 probem,
871 1642 911 1709 id
933 1643 1032 1729 quod
1054 1644 1128 1710 iam
1150 1642 1235 1710 hinc
1259 1642 1334 1710 elu-

149 1758 213 1836 cet,
237 1754 337 1840 quod
353 1752 483 1821 Graeci
498 1753 556 1820 his
579 1753 798 1820 animalibus
814 1773 885 1820 non
907 1701 1153 1847 buebantnni
1167 1753 1335 1840 Denique

148 1865 200 1946 id,
233 1861 332 1950 quod
364 1863 500 1950 profert
526 1863 655 1931 Rohde
688 1864 732 1931 de
763 1863 1002 1931 Troianorum
1033 1864 1333 1956 adolescentibus⁷
1412 1860 1438 1891 ²

148 1977 298 2042 minime
320 1975 425 2042 illum
449 1996 480 2041 v,
506 1975 539 2041 d.
564 1975 730 2042 docuisse
747 1959 929 2042 existimo.
968 1974 1066 2042 Nam
1080 1996 1164 2043 mea
1186 1969 1333 2062 quidem

150 2087 327 2154 sententia
350 2089 509 2174 apparet,
533 2105 594 2153 eos
609 2087 647 2153 in
670 2105 759 2169 rogo
783 2087 830 2153 ab
846 2085 990 2154 Achille
1014 2087 1221 2154 combustos
1245 2106 1332 2167 esse,

150 2201 189 2264 ut
210 2197 410 2264 ulciscatur
426 2197 535 2264 amici
556 2199 719 2264 mortem.
758 2196 980 2265 Adscribam
1002 2198 1125 2280 verba,
1148 2217 1242 2284 quae
1265 2197 1334 2264 hoc
1358 2222 1376 2315 ρ

206 2282 383 2300 ,ἐκ-

148 2306 343 2410 iirmant¹):

233 2427 347 2498 πάντα
370 2428 430 2518 γοὶρ
453 2423 513 2519 ἤδη
536 2457 588 2498 τοι
610 2432 716 2515 τελέω,
739 2429 780 2498 τοὶ
803 2428 972 2519 πάροιθεν
994 2424 1139 2522 ὑπέστην

231 2535 371 2630 Ἕκτορα
394 2534 479 2629 δεῦρ’
505 2539 621 2629 ἐρύσας
642 2538 760 2609 δώσειν
781 2543 874 2608 κυσὶν
895 2534 970 2626 ὠμὰ
993 2539 1169 2610 δάσασθαι

235 2650 360 2720 δώδεκα
383 2653 419 2720 δὲ
440 2649 657 2740 προπάροιθε
679 2657 784 2743 πυρῆς
806 2645 1120 2744 ἀποδειροτομήσειν

216 2841 218 2846 Ι
240 2761 359 2852 Τρώων
382 2756 489 2852 cipido}
511 2764 618 2845 τέκνα,
643 2764 759 2831 σέθεν
780 2764 988 2848 κταμένοιο
1009 2762 1211 2847 χολωθείς.

234 2913 332 2980 Nam
364 2914 433 2982 hoc
463 2914 543 2982 loco
576 2917 652 2981 arte
684 2914 915 2999 coniungitur
942 2913 1078 2981 Hector
1110 2914 1331 2981 deformatus

150 3045 235 3092 curn
255 3023 420 3091 Troianis
447 3025 705 3093 interficiendis
734 3028 841 3112 atque
870 3025 971 3092 addit
993 3024 1156 3093 Achilles
1184 3028 1334 3092 1111111-

149 3153 230 3202 sam
252 3134 412 3222 proferat
433 3136 541 3203 huius
566 3136 803 3204 crudelitatis:
827 3131 926 3200 σὲθεν
945 3133 1143 3217 καταμένοιο
1164 3130 1334 3214 χολωθείς.

148 3246 289 3314 Eodem
311 3246 421 3314 modo
441 3248 669 3333 componitur
691 3250 845 3334 utraque
861 3248 990 3315 eadem
1012 3266 1071 3314 res
1094 3267 1146 3315 vs
1173 3251 1234 3314 180
1256 3266 1332 3333 sqq.

150 3361 184 3424 et
205 3357 325 3444 pergit
350 3361 457 3444 poeta
487 3377 538 3425 vs,
570 3360 644 3425 183:
683 3346 727 3433 ὡς
750 3346 829 3440 φάτ’
864 3348 1058 3439 ἀπειλήσας.
1105 3356 1186 3438 Qua
1211 3378 1251 3425 re
1274 3378 1334 3425 ex·
1406 3363 1414 3459 s

149 3469 268 3555 posita
293 3488 368 3534 non
392 3468 527 3551 habeo,
560 3489 625 3535 cur
652 3488 778 3535 vocem
810 3470 948 3536 occisos
974 3468 1148 3536 Troianos
1178 3467 1334 3553 „sacrifi·
1407 3464 1409 3474 '

150 3577 318 3660 catos.“²)
396 3651 398 3656 ,

235 3707 316 3774 Iam
338 3726 437 3773 nunc
459 3683 649 3793 disputem
663 3706 707 3773 de
724 3706 839 3772 altera
859 3707 925 3774 illa
948 3707 1178 3789 caerimonia,
1202 3705 1247 3772 de
1262 3725 1335 3792 qua

149 3821 257 3905 poeta
282 3818 321 3883 in
348 3815 512 3902 Odyssea
538 3816 688 3897 refert.³l
739 3815 865 3884 Ulixes
900 3820 1094 3904 postquam
1126 3817 1173 3883 ad
1200 3815 1334 3883 inferos

151 3949 189 3996 se
213 3928 374 4011 contulit,
397 3932 438 3995 ut
458 3927 633 3994 Tiresiam
657 3927 833 4010 consulat,
857 3930 1017 4015 primurn
1039 3930 1076 3996 in
1099 3928 1236 3996 fossam
1257 3927 1335 4012 gla-

151 4040 212 4107 dio
235 4039 384 4122 factam,
415 4039 568 4105 mortuis
591 4038 751 4105 infundit
775 4032 983 4123 μελίκρατον,
1016 4040 1158 4122 vinum,
1189 4057 1334 4125 aquam,

237 4260 481 4325 Hssfflmffl

213 4415 225 4424 p
239 4347 260 4411 ²)
279 4345 318 4400 Cf.
337 4345 458 4414 Stengel:
479 4343 647 4399 Grieohiscbe
667 4341 852 4399 Sakralaltert.
871 4364 896 4416 p.
914 4346 960 4422 97.Ι

237 4432 259 4496 ³)
278 4435 302 4484 l.
322 4447 360 4486 vs.
379 4432 412 4484 25
431 4447 487 4500 sqq.
518 4429 556 4485 cf.
574 4450 600 4484 κ.
619 4448 656 4484 rs.
675 4431 724 4484 517
747 4448 803 4500 sqq.
