3316 5200
787 487 996 548 -42-

387 669 524 738 Mensis
536 672 692 754 remotis,
708 671 840 757 quibus
850 672 1045 738 utebantur
1054 671 1186 740 Graeci
1195 675 1383 741 coenando
1394 675 1483 742 alias

301 799 447 848 mensas
466 781 602 867 positas
621 800 709 864 esse,
724 781 818 863 libis,
835 781 916 848 aliis
930 781 1068 849 deliciis
1084 785 1296 866 exstructae,
1313 805 1407 871 quae
1422 807 1484 852 vo-

303 885 586 973 canturdeizepoi
601 889 773 973 τράπεζαι,
790 913 872 959 cum
884 893 1033 960 aliitum
1043 893 1287 981 Xenophanes
1298 897 1319 977 ¹)
1336 897 1481 963 demon·

302 1006 427 1084 strant,
451 1004 554 1070 cuius
570 1003 683 1070 verba
698 1021 809 1088 supra
824 1004 1010 1090 adscripsi.
1026 1041 1069 1050 —
1083 1005 1133 1071 Ut
1146 1006 1213 1072 rite
1228 1005 1331 1072 fieret
1345 1006 1481 1089 libatio,

300 1115 459 1200 primum
482 1134 571 1200 opus
594 1117 672 1180 erat
693 1115 862 1181 manibus
882 1115 1022 1196 lavatio,
1031 1118 1054 1199 2')
1077 1117 1272 1202 exquibus
1295 1120 1484 1185 nominata

301 1245 407 1311 saepe
434 1226 616 1292 invenitur
642 1227 761 1311 prima
787 1226 945 1292 convivii
967 1226 1092 1293 libatio
1118 1223 1373 1312 μετανιπτρίς,3)
1405 1233 1484 1296 tum

302 1335 445 1402 coronis
469 1356 511 1403 ac
535 1337 645 1418 tibiis,
677 1356 770 1422 quae
792 1335 862 1403 hac
884 1337 922 1403 in
950 1338 1171 1404 caerimonia
1193 1340 1382 1406 canebant.
1430 1339 1480 1407 Cf.

302 1445 491 1514 Plutarchi
505 1446 668 1529 verba:⁴)
692 1440 747 1509 adv
770 1442 806 1509 δὲ
828 1434 927 1510 allio
950 1436 1024 1510 oc'de'
1038 1444 1249 1529 βουλομένοις
1271 1439 1482 1513 ἀπώσασθαι

299 1557 357 1640 τῆς
387 1554 552 1642 τραπέζης
573 1551 674 1620 ἔστιν·
707 1551 744 1619 αἱ
771 1551 831 1641 μορ
859 1555 1002 1621 σπονδαὶ
1031 1559 1199 1622 ποθοῦσιν
1221 1548 1320 1623 αὐτὸν
1343 1550 1413 1642 ἅμα
1435 1562 1482 1646 τῷ

300 1659 450 1750 στεφάνῳ
480 1664 537 1730 καὶ
570 1665 868 1751 συνεπιφθέγγεται
895 1669 942 1752 τῷ
968 1669 1087 1732 παιᾶνι
1114 1665 1152 1734 τὸ
1179 1673 1283 1734 θεῖον.
1292 1675 1316 1754 ⁵)
1364 1671 1479 1740 Porro

299 1777 357 1844 his
380 1776 603 1846 ePlutarchi
625 1779 747 1846 verbis
769 1779 894 1862 elucet,
918 1784 953 1847 et
974 1782 1148 1848 cecinisse
1168 1780 1328 1850 Graecos
1350 1782 1421 1850 hac
1442 1784 1480 1850 in

299 1888 486 1971 libatione,
515 1891 618 1957 cuius
645 1891 916 1959 consuetudinis
947 1893 1021 1958 iam
1048 1892 1121 1959 alia
1151 1896 1295 1960 exstant
1320 1896 1478 1963 testimo-

302 2001 406 2084 nial)
445 2000 497 2068 Cf.
522 2000 783 2068 Philochorum
799 2022 854 2088 ap.
878 2002 1107 2070 Athenaeum
1130 2003 1230 2071 XIV.
1256 2009 1331 2072 628:
1360 2000 1391 2069 oi
1419 2029 1478 2068 ,τα-

299 2108 390 2175 λαιοὶ
413 2099 470 2174 οὖν
486 2099 537 2174 αἰεὶ
552 2111 821 2194 διθυραμβοῦσιν,
845 2100 917 2175 ἀλλ’
936 2102 1015 2176 ὅταν
1034 2110 1227 2194 σπένδωσιν,
1250 2110 1307 2179 τὸν
1321 2110 1479 2180 Διόνυσον

299 2219 332 2284 ἐν
355 2216 431 2306 οἴνῳ
454 2219 511 2286 καὶ
533 2219 638 2308 μέθῃ,
662 2217 718 2286 τὸν
740 2211 772 2285 d'
796 2212 992 2287 Ἀττίλλωνα
1013 2212 1097 2305 μεθ’
1121 2217 1258 2310 ἡσυχίας
1279 2224 1338 2290 καὶ
1360 2221 1479 2305 τάξεως

297 2331 484 2413 μέλποντες.
509 2370 548 2380 -

385 2461 456 2530 Sed
472 2483 568 2528 nunc
584 2481 720 2546 magna
735 2464 874 2529 exsistit
891 2463 1096 2546 difficultas
1121 2466 1266 2532 cuinam
1283 2467 1350 2533 deo
1365 2467 1479 2534 libata

300 2573 346 2639 sit
367 2573 487 2658 prima
501 2572 592 2640 haec
616 2574 774 2639 convivii
795 2573 930 2640 libatio.
968 2573 1065 2659 Hug,
1089 2577 1152 2662 qui
1168 2576 1212 2643 de
1226 2575 1297 2643 bac
1313 2597 1351 2644 re
1367 2579 1480 2644 verba

298 2684 424 2766 feoitl)
453 2705 566 2750 coena
587 2684 690 2751 finita
712 2686 922 2771 priusquam
945 2705 1092 2752 mensae
1116 2687 1259 2753 ablatae
1282 2688 1363 2771 sint,
1389 2688 1478 2756 liba·

298 2797 433 2861 tionem
455 2795 591 2862 factam
613 2813 690 2861 esse
714 2799 834 2862 censet
857 2797 890 2862 ei
911 2797 1062 2879 numini,
1085 2797 1183 2883 quod
1207 2818 1230 2863 a
1245 2796 1395 2865 Graecis
1416 2820 1477 2866 vo·

300 2910 404 2973 catur
430 2893 578 2988 Ἀγαθὲς
605 2900 745 2989 δαίμων,
782 2910 859 2972 tum
890 2907 1047 2992 primam
1078 2909 1237 2974 convivii
1266 2909 1477 2977 libationem

297 3017 382 3083 Jovi
405 3017 581 3083 servatori
604 3017 764 3083 oblatam
787 3037 873 3083 esse.
913 3014 1031 3096 Quam
1049 3039 1127 3084 rem
1150 3020 1317 3086 omnibus
1340 3024 1475 3107 tempo-

296 3127 398 3193 ribus
425 3124 495 3192 hoc
521 3127 630 3194 modo
657 3126 855 3193 exhibitam
882 3147 973 3211 esse,
1005 3129 1160 3214 probare
1182 3149 1256 3195 non
1277 3134 1396 3216 potest
1416 3130 1475 3198 hio

296 3259 328 3302 v.
354 3237 387 3303 d.
433 3236 531 3303 Nam
554 3238 598 3304 de
619 3238 690 3304 hac
712 3239 884 3305 libatione
904 3227 1058 3321 Ἀγαθοῦ
1073 3234 1231 3320 δαίμονος
1251 3261 1324 3307 non
1348 3243 1475 3309 eadem

296 3348 458 3416 referunt
492 3353 609 3415 testes.
649 3387 690 3396 -—
726 3349 993 3436 Theophrastus
1031 3355 1066 3418 et
1100 3350 1340 3419 Philochorus
1378 3354 1476 3440 apud

383 3621 403 3686 ¹)
422 3620 496 3689 Eleg.
516 3620 536 3671 1.
558 3637 599 3690 ap.
618 3621 713 3688 Bergk.
732 3625 799 3692 poet.
819 3623 866 3690 lyr.
885 3625 936 3690 gul
954 3623 988 3675 Il.
1007 3641 1033 3692 p.
1054 3624 1110 3677 110.

380 3731 400 3800 ²)
420 3731 458 3787 Cf.
477 3731 647 3801 Aristophan.
667 3731 746 3801 Vesp.
764 3751 802 3786 vs.
822 3734 896 3787 1217.
925 3733 1012 3789 Sohol.
1030 3735 1107 3788 Hom.
1125 3736 1156 3789 Il.
1175 3736 1197 3788 Ι.
1215 3737 1274 3791 449.

391 3844 401 3910 )
421 3843 441 3898 C

379 3843 390 3874 ³
443 3843 460 3896 f.
478 3843 593 3911 Hesych.
613 3860 632 3896 s.
647 3861 669 3895 v.
689 3845 885 3914 μετανίτιτοον
898 3858 903 3870 ·
918 3841 935 3914 ’ἡ
951 3841 1186 3916 μετανιπτρίς·ῆ
1206 3841 1280 3916 μετὰ
1301 3843 1333 3904 τὸ
1355 3851 1475 3904 δεῖπνον

299 3925 437 3999 διδομένη
454 3925 547 3994 κύλιξ·
570 3924 597 3982 οἳ
618 3926 649 3982 δὲ
667 3925 719 3999 τὴν
737 3924 865 4000 ὑστάτην
883 3925 978 3985 πόσιν.
1008 3931 1066 3984 Ηοο
1083 3932 1206 3986 ultimum
1225 3934 1291 4003 ipsis
1315 3934 1474 4003 scriptorum

296 4014 457 4068 testimoniis
474 4013 614 4067 refutatur.

379 4126 401 4189 4)
419 4125 511 4178 moral.
528 4142 553 4194 p.
573 4125 623 4179 713
641 4125 665 4178 A
683 4149 715 4168 =
734 4129 835 4194 quaest.
854 4127 952 4179 conviv.
974 4125 1036 4183 Vll.
1052 4129 1070 4180 4

379 4239 400 4303 ὕ)
418 4235 457 4291 Cf.
476 4236 568 4289 moral.
589 4236 680 4290 1501>
699 4235 820 4306 :Sept
839 4253 894 4306 sap.
913 4254 976 4291 conv
999 4241 1023 4293 5.

379 4346 455 4412 ὓ101.
475 4347 596 4415 Xenoph.
615 4347 709 4417 Cyrop.
727 4348 771 4400 IV.
793 4349 815 4400 1.
835 4349 858 4401 6.
878 4349 979 4403 Conviv.
999 4348 1033 4401 ll.
1053 4351 1075 4405 1.
1088 4350 1191 4404 Platon.
1210 4351 1307 4404 conviv.
1327 4371 1352 4420 p.
1367 4353 1426 4406 176.
1439 4351 1470 4403 A.

379 4460 399 4524 7)
418 4459 451 4512 ad
473 4455 589 4512 Platonis
607 4459 752 4512 convivium
770 4477 795 4529 p.
817 4460 865 4513 176
883 4464 913 4513 A.
