3316 5200
787 480 999 544 „38-

302 667 350 733 ad
365 665 583 752 Lupercalia
610 671 790 753 spectans:
812 666 910 733 Dtese
930 668 1126 732 ntchtunen
1142 666 1288 749 Sponden
1311 660 1479 751 (νηφάλια)

301 777 401 843 hohen
426 779 582 842 αααᾶαίιεί
611 799 675 842 nur
705 779 766 843 den
788 777 911 858 Zwect,
937 780 995 843 das
1025 799 1206 862 vcrpossene
1229 777 1310 843 Blut
1336 778 1478 844 abzuwa-

300 889 401 966 seben,
423 889 481 953 wie
502 889 603 954 ders.
629 889 689 953 69²
716 889 901 972 anpestttrte
923 887 1219 970 Lupercalieuritus
1244 889 1324 953 noch
1346 889 1479 954 deutlich

297 1001 388 1082 aeipt,
418 1003 541 1065 sodann
571 999 647 1064 ater
668 1000 816 1064 liudernd
845 1002 903 1081 auf
931 1001 991 1064 den
1018 999 1106 1064 Zoro
1136 1001 1192 1066 der
1225 999 1480 1065 Ueterirdtscten

300 1109 510 1174 mnauwirken
525 1108 579 1192 (cf.
601 1110 710 1191 Apoll.
735 1109 837 1176 Rhod.
852 1111 931 1194 Arp.
954 1110 1017 1174 IV.
1039 1113 1126 1183 702).
1165 1108 1246 1190 Qua
1269 1130 1352 1176 curn
1373 1110 1480 1177 intel·-

301 1220 500 1304 pretatione
523 1219 631 1306 plane
654 1221 851 1301 consentio,
875 1219 940 1287 sed
961 1219 1031 1288 hoc
1054 1223 1210 1288 statuere
1233 1220 1358 1303 velim,
1380 1220 1480 1288 illam

299 1338 376 1404 vim
398 1331 587 1416 sanguinis
603 1330 776 1399 abluendi
797 1351 871 1397 non
896 1331 1054 1417 primam
1075 1331 1225 1398 infuisse
1247 1332 1480 1399 libationibus

302 1446 446 1526 sobriis,
479 1441 544 1509 sed
566 1441 766 1508 secundam
788 1442 983 1508 accessisse
1011 1441 1115 1509 alteri
1136 1443 1275 1509 notioni
1296 1443 1373 1510 irae
1395 1441 1482 1509 leni-

300 1557 426 1624 endae.
469 1553 568 1621 Nam
591 1573 675 1620 cum
696 1552 896 1635 videamus
918 1551 1071 1620 Homeri
1093 1551 1347 1641 temporibus¹)
1371 1554 1480 1620 sacri-

300 1668 385 1736 ficia
405 1664 617 1753 piacularia,
638 1663 760 1751 qualia
783 1666 908 1750 postea
922 1665 1165 1747 inveniuntur,
1188 1664 1353 1731 nondum
1375 1665 1480 1731 exsti-

301 1779 396 1860 tisse,
418 1779 541 1843 tamen
556 1767 700 1860 νηφάλια
715 1774 840 1841 inferis
863 1793 941 1842 esse
961 1774 1084 1842 oblata
1103 1777 1262 1843 maxime
1284 1769 1481 1858 μειλίγματα

303 1890 458 1968 constat3
483 1905 556 1974 qua
578 1886 623 1953 de
645 1906 684 1953 re
706 1889 831 1972 postea
852 1887 966 1952 verba
986 1885 1129 1954 faciam.

388 1999 523 2080 Restat,
546 2000 587 2063 ut
609 2017 691 2064 eam
708 1997 919 2065 libationem
943 2017 1233 2080 commemorem,
1256 2019 1350 2085 quas
1372 1997 1481 2066 fiebat

301 2114 340 2179 in
362 2110 552 2195 mysteriis.
592 2105 672 2187 Qua
695 2109 739 2174 de
754 2129 793 2175 re
817 2109 883 2175 etsi
905 2129 979 2175 non
998 2109 1115 2175 multa
1137 2112 1221 2175 sunt
1242 2112 1338 2192 nota,
1361 2112 1481 2176 tamen

302 2242 374 2288 vox
389 2223 534 2287 servata
548 2223 611 2302 est,
633 2237 706 2306 qua
719 2219 916 2286 utebantur
930 2222 1070 2305 mystae
1085 2220 1133 2287 ad
1149 2221 1328 2288 actionem
1342 2219 1482 2287 libandi

302 2331 597 2418 significandam:
613 2324 829 2414 αρατηρίζειη,
847 2330 902 2412 (cf.
914 2329 1099 2398 Demosth.
1117 2330 1347 2413 decorose).
1365 2329 1481 2411 Quam

301 2464 429 2512 vocem
451 2442 603 2509 Photius
634 2443 720 2524 (170,
755 2441 806 2522 13)
838 2441 907 2509 hoc
939 2443 1048 2509 modo
1080 2443 1249 2529 explicat:
1283 2436 1482 2525 κρατηρίζων

302 2547 403 2619 οἶνον·
436 2543 505 2618 ἀπὸ
532 2545 699 2636 κρατῇρων
721 2547 753 2616 ἓν
783 2554 854 2628 τοῖς
883 2547 1075 2637 μυστηρίοις
1106 2549 1265 2620 σπένδων,
1311 2552 1384 2622 Sed
1411 2573 1480 2641 quo

300 2666 410 2733 modo
425 2666 579 2734 libatum
596 2665 650 2747 sit,
674 2663 879 2731 accuratius
899 2664 957 2730 his
980 2686 999 2731 e
1021 2666 1142 2732 verbis
1164 2664 1327 2749 intellegi
1348 2667 1479 2751 nequit.

301 2777 416 2844 Porro
439 2777 573 2844 tradita
588 2779 672 2841 sunt
686 2776 836 2841 nomina
851 2776 1093 2858 vasculorum,
1118 2796 1210 2863 quae
1226 2779 1365 2862 mystae
1380 2774 1481 2844 adhi-

300 2889 498 2968 bebantur,
530 2891 570 2952 ut
601 2876 703 2968 ίίμβιξ
724 2886 846 2961 (latine
869 2875 992 2970 obba),
1024 2883 1059 2948 ἐν
1087 2871 1113 2970 ᾧ
1139 2889 1210 2962 ταῖς
1237 2888 1359 2970 νεαροῖς
1381 2883 1480 2950 outn-

304 3000 442 3075 δουσι·’·’)
469 2992 706 3079 κατυλίσκας,3)
737 2990 953 3083 πλημοχόηί)
997 2997 1053 3064 De
1084 2997 1141 3064 his
1173 2999 1341 3065 omnibus
1373 2999 1480 3065 rebus

299 3111 457 3178 breviter
481 3109 651 3176 disseruit
666 3107 813 3176 Lobech
836 3109 1028 3196 (Aglaoph.
1052 3131 1086 3196 p.
1110 3113 1181 3176 646.
1205 3110 1313 3176 Anm.
1338 3107 1416 3193 [b]).
1442 3145 1478 3157 υ

300 3219 385 3288 Non
415 3219 551 3286 nullius
583 3219 726 3286 videtur
756 3221 943 3301 momenti,
975 3220 1074 3306 quod
1104 3223 1231 3306 paucis
1262 3224 1345 3287 ante
1376 3221 1481 3286 annis

300 3330 431 3398 Thebis
454 3332 491 3397 in
516 3329 661 3398 Cabirio
685 3331 872 3397 inventum
898 3335 952 3397 est
973 3330 1115 3398 vasculi
1140 3331 1395 3416 fragmentum,
1418 3330 1482 3397 ubi

300 3441 455 3510 Cabirus
477 3442 596 3509 libans
619 3444 909 3528 repraesentatus
932 3444 994 3508 est.
1008 3440 1032 3524 5)
1075 3441 1148 3511 Sed
1170 3443 1293 3509 statim
1315 3443 1480 3523 occurrit,

298 3552 476 3621 hocloco
507 3553 599 3620 nihil
625 3552 726 3619 aliud
756 3554 893 3640 pictum
926 3572 1017 3636 esse,
1048 3573 1090 3620 ac
1121 3553 1377 3641 necrodipniissl
1409 3553 1480 3621 for-

299 3684 407 3746 mam,
432 3665 477 3731 de
500 3685 573 3752 qua
595 3668 720 3751 postea
734 3664 867 3732 faciam
888 3665 1009 3731 verba.
1049 3663 1203 3732 Cabirus
1222 3665 1369 3732 Baccho
1392 3666 1481 3732 assi-

298 3775 459 3842 mulatus
481 3777 519 3842 in
542 3776 635 3843 lecto
658 3777 780 3842 iacens
797 3774 1013 3842 cantharum
1035 3776 1201 3860 porrigit,
1226 3779 1264 3842 ut
1286 3796 1390 3862 puer,
1423 3777 1482 3844 cui

389 4015 407 4078 ¹)
425 4015 463 4071 cf.
482 4014 603 4081 Stengel:
621 4014 707 4068 Jahns
723 4014 819 4067 Jahrb.
839 4014 906 4069 1833
923 4032 948 4085 p.
967 4016 1026 4068 361.

385 4101 407 4164 ²)
426 4098 536 4155 Glossae
554 4098 669 4153 (la-Lat.
688 4097 806 4166 ‚,Obbs“.

387 4185 408 4250 ³)
429 4185 525 4238 Athen.
544 4184 591 4238 Xl.
609 4186 660 4238 479
679 4183 708 4240 C.

386 4270 409 4334 ⁴)
426 4269 523 4324 Athen.
542 4269 590 4324 Xl.
608 4270 659 4324 496
677 4271 709 4323 A.

388 4359 409 4421 ⁵)
426 4355 533 4410 Mitteil.
552 4355 577 4410 d.
596 4353 685 4411 athen.
703 4355 770 4410 inst.
788 4355 862 4408 XIII.
882 4355 920 4408 tb.
938 4357 962 4409 9.

386 4445 407 4507 ⁰)
426 4439 464 4496 cf.
484 4439 515 4495 0.
533 4441 616 4494 Korn:
634 4441 753 4494 Hermes.
772 4439 856 4495 XXV.
874 4458 900 4511 p.
919 4441 943 4494 3.
