3316 5200
704 510 892 570 ,5.-

203 695 281 762 rali.
325 693 418 760 Tum
444 695 627 761 invenitur
653 713 726 760 vox
753 685 916 774 tovzpol,¹)
950 695 1009 761 cui
1038 695 1076 760 in
1107 693 1186 759 sola
1211 693 1385 762 libatione

202 805 348 872 funebri
370 804 555 872 adhibitae
582 805 740 872 maxime
767 805 860 870 inest
882 805 937 871 vis
959 804 1148 871 lustrandi.
1174 841 1213 852 -
1237 804 1386 871 Praeter

204 912 366 993 σπένδειν,
392 910 522 997 λείβειν,
545 918 612 994 χεῖν
626 935 711 983 oum
725 915 867 983 libandi
882 916 992 983 verbo
1010 917 1281 1000 coniunguntur
1295 916 1386 983 tales

203 1046 321 1108 voces
345 1046 438 1114 quae
462 1025 596 1094 habent
617 1027 694 1093 vim
715 1026 891 1109 mittendi,
915 1027 1046 1112 quibus
1069 1048 1141 1094 non
1162 1028 1385 1113 exprimitur,

206 1140 328 1204 utrum
338 1140 432 1204 totus
441 1137 562 1224 liquor
574 1157 621 1203 an
632 1139 754 1222 guttae
764 1138 967 1219 mittantur3
984 1158 1011 1204 e.
1029 1157 1062 1221 g.
1079 1138 1221 1224 profero
1238 1134 1386 1222 φέρεινβ)

205 1244 388 1332 πέμπειν,3)
412 1240 578 1332 trottae)
600 1239 782 1329 (tottam).
806 1241 969 1330 στάζεινθ)
992 1268 1119 1315 vocem
1134 1250 1242 1335 plane
1259 1249 1386 1316 diluci-

203 1359 290 1427 dam
312 1359 487 1445 explicari
511 1379 600 1445 opus
622 1378 698 1425 non
720 1360 781 1425 est.
825 1359 1017 1426 Accedunt
1045 1359 1116 1426 duo
1139 1361 1265 1444 verba,
1293 1380 1386 1446 quae

202 1491 289 1538 cum
310 1470 483 1537 libatione
509 1469 654 1536 funebri
681 1468 887 1537 cohaerent:
911 1466 1069 1556 νρέφεινῖ)
1094 1467 1312 1556 ο1σνέφειν8)
1337 1489 1384 1537 sc.

203 1575 259 1644 σὸν
279 1573 369 1643 νεούν
399 1581 509 1658 χοαῖς,
542 1600 697 1666 quorum
720 1580 875 1648 alterum
905 1579 975 1649 hoc
1002 1581 1072 1648 sibi
1098 1581 1189 1647 vult:
1225 1584 1386 1664 ,mortuo
1436 1597 1439 1602 ·

204 1691 395 1758 libationes
413 1691 518 1778 quasi
534 1691 746 1757 alimentum
763 1683 909 1774 (τροφήν)
926 1690 1086 1773 offerre“,
1111 1692 1278 1758 alterum:
1306 1691 1385 1774 ,de-

203 1801 369 1868 functum
392 1802 450 1868 vel
473 1803 591 1887 potius
613 1801 795 1867 tumulum
817 1801 1052 1868 libationibus
1076 1801 1279 1869 coronare.“

290 1930 345 1996 Ac
367 1930 527 2016 primum
555 1929 703 2016 quidem
726 1933 766 1996 ut
791 1931 955 2015 probem,
982 1929 1193 1997 libationem
1218 1931 1386 1998 omnibus

202 2041 426 2127 temporibus
448 2041 547 2107 idem
570 2041 729 2107 valuisse
750 2061 793 2107 ao
812 2042 1008 2123 victimam,
1032 2062 1051 2108 e
1074 2041 1199 2108 multis
1223 2042 1267 2108 iis
1285 2041 1386 2125 tocie,

204 2150 353 2238 qui'huo
371 2154 542 2239 spectant,
566 2152 803 2236 gravissimos
827 2152 967 2235 eligam.
1007 2149 1055 2237 Ut
1077 2152 1123 2218 ab
1142 2151 1293 2218 Homeri
1308 2172 1389 2219 car·
1469 2203 1473 2227 ,

203 2262 363 2329 minibus
385 2263 553 2348 incipiam
579 2262 621 2328 cf.
645 2261 686 2329 ll.
711 2264 744 2325 A
764 2282 834 2328 use.
859 2266 909 2329 48.
935 2264 1025 2343 49:2')

359 2394 396 2469 οὗ
419 2398 479 2489 γάρ
501 2401 560 2488 μοί
582 2428 666 2470 πονε
686 2401 797 2490 βωμὸς
819 2403 943 2471 ἐδεύετο
966 2399 1079 2483 iactos
1102 2401 1191 2493 αἴσης

361 2516 474 2602 λοιβῆς
494 2540 529 2581 τε
550 2513 662 2604 κνίσης
684 2533 732 2581 τε·
756 2512 793 2582 τὸ
816 2516 875 2602 γὰρ
898 2511 1035 2599 λάχομεν
1056 2514 1151 2602 μέρος
1172 2507 1274 2603 ἡμεῖς.

290 2652 396 2734 Quod
422 2654 520 2721 idem
548 2657 717 2742 exprimit
739 2655 936 2739 HesiodnS,
961 2676 1045 2723 cum
1068 2655 1163 2723 dicit.
1203 2654 1268 2743 Op.
1293 2660 1328 2723 et
1351 2657 1384 2723 d.

203 2785 252 2831 vs.
278 2767 354 2832 335:

379 2883 494 2957 ἄλλοσε
517 2890 553 2956 δὲ
576 2893 756 2980 σπονδῇοιν
778 2886 898 2958 iocoue
922 2916 957 2957 νε
980 2888 1189 2962 ἱλάσκεσθαι.

287 3055 449 3138 Accedit,
473 3056 572 3143 quod
594 3056 730 3143 profert
752 3056 944 3138 Pindarus,
967 3056 1071 3124 Nem.
1095 3056 1160 3124 XI.
1184 3078 1235 3124 vs
1261 3062 1290 3124 6.

355 3195 465 3264 πολλοὶ
486 3199 545 3282 μὲν
566 3195 734 3284 rotome
757 3191 949 3285 ἀγαζόμενοι
972 3197 1108 3286 πρώταν
1129 3203 1218 3266 θεῶν

357 3305 467 3376 πολλοὶ
491 3309 527 3376 δὲ
548 3307 655 3398 κνίσᾳ.

286 3454 388 3536 Quae
415 3458 529 3526 verba
559 3459 718 3526 maxime
746 3462 831 3526 sunt
856 3460 1003 3542 idonea,
1035 3460 1167 3546 quibus
1197 3461 1381 3546 probetur,

196 3567 299 3653 quod
321 3587 434 3654 supra
449 3571 600 3655 suscepi,
624 3570 799 3656 quoniam
813 3570 1001 3656 particulis
1024 3566 1137 3650 μὲν-δὲ
1161 3570 1255 3638 dnae
1272 3573 1384 3639 caeri-

287 3798 305 3861 ¹)
324 3796 364 3852 Cf.
384 3798 466 3864 Soph.
486 3798 527 3851 El.
545 3799 587 3852 84.
605 3799 663 3853 431.
682 3799 744 3852 Eur.
763 3799 860 3854 Phoen.
881 3801 955 3853 1667.

286 3881 307 3949 ²)
326 3881 364 3938 cf.
383 3882 478 3937 Aesch.
497 3884 568 3937 Pers.
588 3885 646 3938 610.
664 3883 727 3938 Cho.
748 3885 788 3939 15.

284 3965 304 4034 ³)
323 3967 362 4022 cf.
380 3967 475 4022 Aesch.
495 3967 570 4022 Pers.
589 3969 648 4022 622,
667 3967 730 4022 Cho.
748 3969 790 4024 23.
809 3971 868 4024 515.

285 4053 306 4117 ⁴)
325 4052 387 4106 Eur.
405 4053 463 4123 Iph.
482 4053 511 4106 T.
531 4055 572 4107 61.
591 4053 636 4110 Or.
656 4054 713 4107 124.

281 4138 302 4204 ⁶)
321 4137 360 4192 cf.
379 4139 441 4193 Eur.
460 4138 500 4194 El.
519 4139 578 4194 803.
598 4138 694 4194 Phoen.
715 4141 789 4195 1667.

284 4225 305 4286 ⁰)
324 4223 363 4278 of.
381 4225 443 4279 Eur.
462 4225 566 4280 Heracl.
586 4226 662 4279 1040.

284 4309 305 4374 ⁷)
325 4307 386 4364 Luc.
406 4311 438 4364 de
456 4311 533 4364 luctu
552 4312 576 4364 9.
1385 4354 1389 4363 .

284 4395 304 4460 ⁸)
323 4393 360 4448 ot.
380 4394 457 4465 Soph.
476 4396 566 4464 Antig.
584 4395 643 4450 429.
661 4395 757 4450 Electr.
770 4397 812 4452 52.
830 4397 888 4451 457.
918 4395 956 4452 cf.
977 4401 1143 4466 στεφανοῦν
1155 4396 1218 4450 Eur.
1237 4397 1302 4450 Hec.
1324 4397 1380 4450 126.

283 4481 305 4544 ²¹)
324 4479 361 4535 cf.
380 4481 403 4534 11
430 4481 450 4533 I.
470 4499 507 4534 vs.
526 4481 578 4535 500
596 4482 624 4534 Ω
643 4499 680 4535 ve.
700 4482 740 4536 70.
