<?xml version="1.0" encoding="UTF-8"?>
<!DOCTYPE html PUBLIC "-//W3C//DTD XHTML 1.0 Transitional//EN"
    "http://www.w3.org/TR/xhtml1/DTD/xhtml1-transitional.dtd">
<html xmlns="http://www.w3.org/1999/xhtml" xml:lang="en" lang="en">
 <head>
  <title>
</title>
<meta http-equiv="Content-Type" content="text/html;charset=utf-8" />
  <meta name='ocr-system' content='tesseract 3.04.00' />
  <meta name='ocr-capabilities' content='ocr_page ocr_carea ocr_par ocr_line ocrx_word'/>
</head>
<body>
  <div class='ocr_page' id='page_1' title='image "./delibationevete00fritgoog_0088.png"; bbox 0 0 3316 5200; ppageno 0'>
   <div class='ocr_carea' id='block_1_1' title="bbox 638 520 851 584">
    <p class='ocr_par' dir='ltr' id='par_1_1' title="bbox 638 520 851 584">
     <span class='ocr_line' id='line_1_1' title="bbox 638 520 851 584; baseline -0.005 -20"><span class='ocrx_word' id='word_1_1' title='bbox 638 520 851 584; x_wconf 72' lang='lat'><strong>..31-</strong></span> 
     </span>
    </p>
   </div>
   <div class='ocr_carea' id='block_1_2' title="bbox 154 690 1342 1344">
    <p class='ocr_par' dir='ltr' id='par_1_2' title="bbox 154 690 1342 1344">
     <span class='ocr_line' id='line_1_2' title="bbox 154 690 1338 791; baseline -0.003 -23"><span class='ocrx_word' id='word_1_2' title='bbox 154 703 361 791; x_wconf 69' lang='grc' dir='ltr'><em>οιλπιμονὴς</em></span> <span class='ocrx_word' id='word_1_3' title='bbox 394 697 634 788; x_wconf 66' lang='grc' dir='ltr'><em>ἐγκελευόμενος</em></span> <span class='ocrx_word' id='word_1_4' title='bbox 669 698 707 768; x_wconf 78' lang='grc' dir='ltr'>ιδ</span> <span class='ocrx_word' id='word_1_5' title='bbox 743 696 936 788; x_wconf 65' lang='grc' dir='ltr'><em>πολεμικόν,</em></span> <span class='ocrx_word' id='word_1_6' title='bbox 974 699 1113 767; x_wconf 71' lang='grc' dir='ltr'><em>ἕπονται</em></span> <span class='ocrx_word' id='word_1_7' title='bbox 1145 699 1181 766; x_wconf 81' lang='grc' dir='ltr'>δὲ</span> <span class='ocrx_word' id='word_1_8' title='bbox 1211 690 1338 783; x_wconf 80' lang='grc' dir='ltr'><em>άμαξαι</em></span> 
     </span>
     <span class='ocr_line' id='line_1_3' title="bbox 154 807 1339 902; baseline -0.003 -23"><span class='ocrx_word' id='word_1_9' title='bbox 154 809 310 901; x_wconf 71' lang='grc' dir='ltr'><em>μοῤῥῦνης</em></span> <span class='ocrx_word' id='word_1_10' title='bbox 322 811 441 896; x_wconf 73' lang='lat' dir='ltr'>promi</span> <span class='ocrx_word' id='word_1_11' title='bbox 462 811 521 878; x_wconf 81' lang='grc' dir='ltr'>καὶ</span> <span class='ocrx_word' id='word_1_12' title='bbox 543 807 807 902; x_wconf 75' lang='grc' dir='ltr'>στεφανωμάτων</span> <span class='ocrx_word' id='word_1_13' title='bbox 825 811 893 877; x_wconf 80' lang='grc' dir='ltr'><em>καὶ-</em></span> <span class='ocrx_word' id='word_1_14' title='bbox 905 809 1010 896; x_wconf 84' lang='grc' dir='ltr'><em>μελας</em></span> <span class='ocrx_word' id='word_1_15' title='bbox 1028 823 1158 898; x_wconf 76' lang='grc' dir='ltr'><em>σαῦρος·</em></span> <span class='ocrx_word' id='word_1_16' title='bbox 1181 809 1239 876; x_wconf 84' lang='grc' dir='ltr'>καὶ</span> <span class='ocrx_word' id='word_1_17' title='bbox 1260 808 1339 892; x_wconf 78' lang='grc' dir='ltr'><em>χοάς</em></span> 
     </span>
     <span class='ocr_line' id='line_1_4' title="bbox 156 913 1339 1011; baseline -0.003 -21"><span class='ocrx_word' id='word_1_18' title='bbox 156 919 245 990; x_wconf 66' lang='grc' dir='ltr'><em>οἴνου</em></span> <span class='ocrx_word' id='word_1_19' title='bbox 266 922 327 990; x_wconf 75' lang='grc' dir='ltr'><em>κοιλ</em></span> <span class='ocrx_word' id='word_1_20' title='bbox 349 917 511 1011; x_wconf 76' lang='grc' dir='ltr'><em>γάλαννισς</em></span> <span class='ocrx_word' id='word_1_21' title='bbox 537 922 571 989; x_wconf 80' lang='grc' dir='ltr'><em>ἐν</em></span> <span class='ocrx_word' id='word_1_22' title='bbox 593 913 807 1011; x_wconf 72' lang='grc' dir='ltr'><em>ἀμφορεῦσιν,</em></span> <span class='ocrx_word' id='word_1_23' title='bbox 834 918 948 988; x_wconf 79' lang='grc' dir='ltr'><em>ἐλαίου</em></span> <span class='ocrx_word' id='word_1_24' title='bbox 969 946 1004 987; x_wconf 80' lang='grc' dir='ltr'>τι</span> <span class='ocrx_word' id='word_1_25' title='bbox 1025 920 1084 987; x_wconf 77' lang='grc' dir='ltr'>καὶ</span> <span class='ocrx_word' id='word_1_26' title='bbox 1109 922 1211 1010; x_wconf 79' lang='grc' dir='ltr'><em>μάρου</em></span> <span class='ocrx_word' id='word_1_27' title='bbox 1232 943 1339 1005; x_wconf 80' lang='grc' dir='ltr'><em>κρωσ-</em></span> 
     </span>
     <span class='ocr_line' id='line_1_5' title="bbox 155 1029 1342 1118; baseline 0.002 -17"><span class='ocrx_word' id='word_1_28' title='bbox 155 1030 235 1113; x_wconf 75' lang='grc' dir='ltr'><em>σοδς</em></span> <span class='ocrx_word' id='word_1_29' title='bbox 258 1029 422 1101; x_wconf 69' lang='grc' dir='ltr'><em>νεανίσκοι</em></span> <span class='ocrx_word' id='word_1_30' title='bbox 452 1031 639 1117; x_wconf 67' lang='grc' dir='ltr'><em>νομίζοντας</em></span> <span class='ocrx_word' id='word_1_31' title='bbox 664 1029 841 1118; x_wconf 69' lang='grc' dir='ltr'><em>ἐλεύθεροι.</em></span> <span class='ocrx_word' id='word_1_32' title='bbox 890 1033 982 1102; x_wconf 79' lang='lat' dir='ltr'>Tum</span> <span class='ocrx_word' id='word_1_33' title='bbox 1013 1033 1150 1104; x_wconf 84' lang='lat' dir='ltr'>archon</span> <span class='ocrx_word' id='word_1_34' title='bbox 1182 1033 1342 1103; x_wconf 71' lang='lat' dir='ltr'>candida</span> 
     </span>
     <span class='ocr_line' id='line_1_6' title="bbox 154 1138 1342 1234; baseline -0.007 -20"><span class='ocrx_word' id='word_1_35' title='bbox 154 1151 257 1216; x_wconf 77' lang='lat' dir='ltr'>resto</span> <span class='ocrx_word' id='word_1_36' title='bbox 270 1147 422 1216; x_wconf 83' lang='lat' dir='ltr'>indutus</span> <span class='ocrx_word' id='word_1_37' title='bbox 437 1146 607 1234; x_wconf 86' lang='lat' dir='ltr'>scpulcra</span> <span class='ocrx_word' id='word_1_38' title='bbox 619 1148 744 1215; x_wconf 81' lang='lat' dir='ltr'>lavata</span> <span class='ocrx_word' id='word_1_39' title='bbox 765 1145 926 1233; x_wconf 87' lang='lat' dir='ltr'>myrrhis</span> <span class='ocrx_word' id='word_1_40' title='bbox 940 1147 1046 1213; x_wconf 82' lang='lat' dir='ltr'>unxit</span> <span class='ocrx_word' id='word_1_41' title='bbox 1065 1141 1125 1208; x_wconf 82' lang='grc' dir='ltr'><em>καὶ·</em></span> <span class='ocrx_word' id='word_1_42' title='bbox 1145 1138 1203 1208; x_wconf 76' lang='lat' dir='ltr'>niv</span> <span class='ocrx_word' id='word_1_43' title='bbox 1223 1145 1342 1228; x_wconf 74' lang='grc' dir='ltr'><em>σαῦροι</em></span> 
     </span>
     <span class='ocr_line' id='line_1_7' title="bbox 155 1244 1340 1344; baseline -0.003 -23"><span class='ocrx_word' id='word_1_44' title='bbox 155 1252 207 1334; x_wconf 74' lang='grc' dir='ltr'>οἷς</span> <span class='ocrx_word' id='word_1_45' title='bbox 233 1253 293 1344; x_wconf 83' lang='grc' dir='ltr'><em>τὴν</em></span> <span class='ocrx_word' id='word_1_46' title='bbox 323 1251 432 1342; x_wconf 75' lang='grc' dir='ltr'><em>πυρὰν</em></span> <span class='ocrx_word' id='word_1_47' title='bbox 463 1249 593 1342; x_wconf 80' lang='grc' dir='ltr'><em>σφάξας</em></span> <span class='ocrx_word' id='word_1_48' title='bbox 623 1254 681 1320; x_wconf 78' lang='grc' dir='ltr'>καλ</span> <span class='ocrx_word' id='word_1_49' title='bbox 712 1250 882 1339; x_wconf 72' lang='grc' dir='ltr'><em>εὐξάμενος</em></span> <span class='ocrx_word' id='word_1_50' title='bbox 910 1255 971 1321; x_wconf 77' lang='grc' dir='ltr'>Διῒ</span> <span class='ocrx_word' id='word_1_51' title='bbox 1000 1252 1059 1318; x_wconf 75' lang='grc' dir='ltr'>καὶ</span> <span class='ocrx_word' id='word_1_52' title='bbox 1087 1244 1187 1343; x_wconf 72' lang='grc' dir='ltr'><em>Ἑρμῇ</em></span> <span class='ocrx_word' id='word_1_53' title='bbox 1214 1250 1340 1339; x_wconf 73' lang='grc' dir='ltr'><em>χθονίῳ</em></span> 
     </span>
    </p>
   </div>
   <div class='ocr_carea' id='block_1_3' title="bbox 155 1355 1451 1454">
    <p class='ocr_par' dir='ltr' id='par_1_3' title="bbox 155 1355 1451 1454">
     <span class='ocr_line' id='line_1_8' title="bbox 155 1355 1451 1454; baseline -0.002 -21"><span class='ocrx_word' id='word_1_54' title='bbox 155 1367 346 1454; x_wconf 67' lang='grc' dir='ltr'><em>παρακαλοῖ</em></span> <span class='ocrx_word' id='word_1_55' title='bbox 371 1368 445 1444; x_wconf 79' lang='grc' dir='ltr'><em>τοὺς</em></span> <span class='ocrx_word' id='word_1_56' title='bbox 472 1356 622 1452; x_wconf 74' lang='grc' dir='ltr'><em>άγαδούς</em></span> <span class='ocrx_word' id='word_1_57' title='bbox 649 1358 769 1452; x_wconf 76' lang='grc' dir='ltr'><em>άνδρας</em></span> <span class='ocrx_word' id='word_1_58' title='bbox 794 1367 869 1444; x_wconf 80' lang='grc' dir='ltr'><em>τοὺς</em></span> <span class='ocrx_word' id='word_1_59' title='bbox 895 1364 978 1451; x_wconf 76' lang='grc' dir='ltr'><em>ὑπὲρ</em></span> <span class='ocrx_word' id='word_1_60' title='bbox 1004 1366 1064 1452; x_wconf 79' lang='grc' dir='ltr'>τῆς</span> <span class='ocrx_word' id='word_1_61' title='bbox 1082 1355 1237 1442; x_wconf 76' lang='grc' dir='ltr'><em>Ἑλλάδος</em></span> <span class='ocrx_word' id='word_1_62' title='bbox 1258 1355 1342 1431; x_wconf 70' lang='lat' dir='ltr'>dno·</span> <span class='ocrx_word' id='word_1_63' title='bbox 1449 1389 1451 1394; x_wconf 89' lang='lat'>·</span> 
     </span>
    </p>
   </div>
   <div class='ocr_carea' id='block_1_4' title="bbox 154 1471 1343 1786">
    <p class='ocr_par' dir='ltr' id='par_1_4' title="bbox 154 1471 1343 1786">
     <span class='ocr_line' id='line_1_9' title="bbox 154 1471 1342 1564; baseline -0.003 -20"><span class='ocrx_word' id='word_1_64' title='bbox 154 1473 323 1556; x_wconf 65' lang='grc' dir='ltr'><em>θανόντας</em></span> <span class='ocrx_word' id='word_1_65' title='bbox 345 1475 404 1542; x_wconf 74' lang='grc' dir='ltr'>ἐπὶ</span> <span class='ocrx_word' id='word_1_66' title='bbox 426 1471 465 1542; x_wconf 84' lang='grc' dir='ltr'><em>νδ</em></span> <span class='ocrx_word' id='word_1_67' title='bbox 487 1477 621 1543; x_wconf 80' lang='grc' dir='ltr'><em>δεῖπνον</em></span> <span class='ocrx_word' id='word_1_68' title='bbox 642 1475 701 1541; x_wconf 82' lang='grc' dir='ltr'>καὶ</span> <span class='ocrx_word' id='word_1_69' title='bbox 722 1472 780 1564; x_wconf 82' lang='grc' dir='ltr'><em>τὴν</em></span> <span class='ocrx_word' id='word_1_70' title='bbox 799 1472 1034 1560; x_wconf 73' lang='grc' dir='ltr'><em>αἱμοκουρίαν·</em></span> <span class='ocrx_word' id='word_1_71' title='bbox 1058 1471 1175 1541; x_wconf 73' lang='grc' dir='ltr'><em>ἔπειτα</em></span> <span class='ocrx_word' id='word_1_72' title='bbox 1197 1477 1342 1563; x_wconf 77' lang='grc' dir='ltr'><em>κρατῆρα</em></span> 
     </span>
     <span class='ocr_line' id='line_1_10' title="bbox 155 1579 1343 1673; baseline -0.002 -19"><span class='ocrx_word' id='word_1_73' title='bbox 155 1584 298 1673; x_wconf 77' lang='grc' dir='ltr'><em>κεράσας</em></span> <span class='ocrx_word' id='word_1_74' title='bbox 328 1583 417 1653; x_wconf 75' lang='grc' dir='ltr'><em>οἴνου</em></span> <span class='ocrx_word' id='word_1_75' title='bbox 449 1585 508 1652; x_wconf 80' lang='grc' dir='ltr'>καλ</span> <span class='ocrx_word' id='word_1_76' title='bbox 537 1581 689 1671; x_wconf 73' lang='grc' dir='ltr'><em>χεάμενος</em></span> <span class='ocrx_word' id='word_1_77' title='bbox 717 1584 877 1673; x_wconf 70' lang='grc' dir='ltr'><em>ἐπιλέγει·</em></span> <span class='ocrx_word' id='word_1_78' title='bbox 909 1583 1070 1673; x_wconf 67' lang='grc' dir='ltr'><em>Προπίνω</em></span> <span class='ocrx_word' id='word_1_79' title='bbox 1100 1590 1171 1666; x_wconf 80' lang='grc' dir='ltr'><em>τοῖς</em></span> <span class='ocrx_word' id='word_1_80' title='bbox 1202 1579 1343 1670; x_wconf 77' lang='grc' dir='ltr'>ἀνδράσι</span> 
     </span>
     <span class='ocr_line' id='line_1_11' title="bbox 156 1688 955 1786; baseline -0.001 -19"><span class='ocrx_word' id='word_1_81' title='bbox 156 1705 228 1778; x_wconf 75' lang='grc' dir='ltr'><em>τοῖς</em></span> <span class='ocrx_word' id='word_1_82' title='bbox 247 1697 338 1784; x_wconf 77' lang='grc' dir='ltr'><em>ὑπὲρ</em></span> <span class='ocrx_word' id='word_1_83' title='bbox 354 1701 412 1786; x_wconf 73' lang='grc' dir='ltr'>σῆς</span> <span class='ocrx_word' id='word_1_84' title='bbox 430 1689 588 1777; x_wconf 73' lang='grc' dir='ltr'><em>Ἑλλάδος</em></span> <span class='ocrx_word' id='word_1_85' title='bbox 608 1688 824 1765; x_wconf 73' lang='grc' dir='ltr'><em>ἀποθανοῦσι</em></span> <span class='ocrx_word' id='word_1_86' title='bbox 849 1750 856 1764; x_wconf 95' lang='grc'><strong><em>.</em></strong></span> <span class='ocrx_word' id='word_1_87' title='bbox 882 1755 890 1769; x_wconf 88' lang='grc'><strong>.</strong></span> <span class='ocrx_word' id='word_1_88' title='bbox 913 1750 921 1764; x_wconf 94' lang='grc'><strong>.</strong></span> <span class='ocrx_word' id='word_1_89' title='bbox 945 1749 955 1766; x_wconf 93' lang='grc'><strong>.</strong></span> 
     </span>
    </p>
   </div>
   <div class='ocr_carea' id='block_1_5' title="bbox 156 1836 1389 4142">
    <p class='ocr_par' dir='ltr' id='par_1_5' title="bbox 156 1836 1389 4142">
     <span class='ocr_line' id='line_1_12' title="bbox 243 1836 1344 1923; baseline -0.001 -18"><span class='ocrx_word' id='word_1_90' title='bbox 243 1837 346 1918; x_wconf 86' lang='lat' dir='ltr'>Quae</span> <span class='ocrx_word' id='word_1_91' title='bbox 362 1838 583 1905; x_wconf 77' lang='lat' dir='ltr'>consuetudo</span> <span class='ocrx_word' id='word_1_92' title='bbox 596 1837 793 1923; x_wconf 80' lang='lat' dir='ltr'>singularis</span> <span class='ocrx_word' id='word_1_93' title='bbox 808 1858 883 1905; x_wconf 93' lang='lat' dir='ltr'>non</span> <span class='ocrx_word' id='word_1_94' title='bbox 897 1838 1117 1906; x_wconf 80' lang='lat' dir='ltr'>sacrificium</span> <span class='ocrx_word' id='word_1_95' title='bbox 1132 1836 1344 1906; x_wconf 87' lang='lat' dir='ltr'>habendum</span> 
     </span>
     <span class='ocr_line' id='line_1_13' title="bbox 157 1948 1346 2036; baseline -0.001 -19"><span class='ocrx_word' id='word_1_96' title='bbox 157 1952 220 2032; x_wconf 86' lang='lat' dir='ltr'>est,</span> <span class='ocrx_word' id='word_1_97' title='bbox 244 1949 343 2036; x_wconf 93' lang='lat' dir='ltr'>quod</span> <span class='ocrx_word' id='word_1_98' title='bbox 364 1949 519 2016; x_wconf 77' lang='lat' dir='ltr'><strong>mortuis</strong></span> <span class='ocrx_word' id='word_1_99' title='bbox 542 1948 705 2016; x_wconf 88' lang='lat' dir='ltr'>oblatum</span> <span class='ocrx_word' id='word_1_100' title='bbox 719 1948 885 2016; x_wconf 89' lang='lat' dir='ltr'>homines</span> <span class='ocrx_word' id='word_1_101' title='bbox 907 1949 978 2036; x_wconf 91' lang='lat' dir='ltr'>ipsi</span> <span class='ocrx_word' id='word_1_102' title='bbox 999 1969 1072 2015; x_wconf 95' lang='lat' dir='ltr'>non</span> <span class='ocrx_word' id='word_1_103' title='bbox 1092 1951 1256 2033; x_wconf 77' lang='lat' dir='ltr'>tangumt</span> <span class='ocrx_word' id='word_1_104' title='bbox 1280 1949 1346 2016; x_wconf 90' lang='lat' dir='ltr'>sed</span> 
     </span>
     <span class='ocr_line' id='line_1_14' title="bbox 159 2057 1346 2148; baseline -0.001 -21"><span class='ocrx_word' id='word_1_105' title='bbox 159 2059 318 2127; x_wconf 89' lang='lat' dir='ltr'>dilucide</span> <span class='ocrx_word' id='word_1_106' title='bbox 341 2062 505 2147; x_wconf 89' lang='lat' dir='ltr'>apparet,</span> <span class='ocrx_word' id='word_1_107' title='bbox 537 2057 769 2127; x_wconf 88' lang='lat' dir='ltr'>Plataeenses</span> <span class='ocrx_word' id='word_1_108' title='bbox 799 2061 898 2148; x_wconf 90' lang='lat' dir='ltr'>ipsos</span> <span class='ocrx_word' id='word_1_109' title='bbox 924 2059 1117 2146; x_wconf 80' lang='lat' dir='ltr'>participes</span> <span class='ocrx_word' id='word_1_110' title='bbox 1146 2077 1225 2126; x_wconf 90' lang='lat' dir='ltr'>esse</span> <span class='ocrx_word' id='word_1_111' title='bbox 1248 2059 1346 2146; x_wconf 81' lang='lat' dir='ltr'>epuli</span> 
     </span>
     <span class='ocr_line' id='line_1_15' title="bbox 156 2169 1346 2256; baseline -0.001 -18"><span class='ocrx_word' id='word_1_112' title='bbox 156 2171 311 2238; x_wconf 84' lang='lat' dir='ltr'>mortuis</span> <span class='ocrx_word' id='word_1_113' title='bbox 327 2169 403 2237; x_wconf 89' lang='lat' dir='ltr'>dati</span> <span class='ocrx_word' id='word_1_114' title='bbox 418 2172 526 2256; x_wconf 89' lang='lat' dir='ltr'>atque</span> <span class='ocrx_word' id='word_1_115' title='bbox 548 2171 609 2252; x_wconf 88' lang='lat' dir='ltr'>ita,</span> <span class='ocrx_word' id='word_1_116' title='bbox 632 2173 673 2236; x_wconf 94' lang='lat' dir='ltr'>ut</span> <span class='ocrx_word' id='word_1_117' title='bbox 686 2189 787 2237; x_wconf 90' lang='lat' dir='ltr'>more</span> <span class='ocrx_word' id='word_1_118' title='bbox 810 2169 972 2237; x_wconf 90' lang='lat' dir='ltr'>humano</span> <span class='ocrx_word' id='word_1_119' title='bbox 988 2170 1217 2238; x_wconf 80' lang='lat' dir='ltr'>discernatur</span> <span class='ocrx_word' id='word_1_120' title='bbox 1232 2190 1346 2238; x_wconf 89' lang='lat' dir='ltr'>coena</span> 
     </span>
     <span class='ocr_line' id='line_1_16' title="bbox 159 2279 1345 2368; baseline 0.001 -20"><span class='ocrx_word' id='word_1_121' title='bbox 159 2301 182 2348; x_wconf 90' lang='lat' dir='ltr'>a</span> <span class='ocrx_word' id='word_1_122' title='bbox 203 2281 381 2350; x_wconf 90' lang='lat' dir='ltr'>convivio.</span> <span class='ocrx_word' id='word_1_123' title='bbox 424 2279 523 2347; x_wconf 88' lang='lat' dir='ltr'>Nam</span> <span class='ocrx_word' id='word_1_124' title='bbox 544 2279 705 2368; x_wconf 84' lang='lat' dir='ltr'>primum</span> <span class='ocrx_word' id='word_1_125' title='bbox 726 2284 853 2348; x_wconf 89' lang='lat' dir='ltr'>taurus</span> <span class='ocrx_word' id='word_1_126' title='bbox 876 2280 1077 2368; x_wconf 83' lang='lat' dir='ltr'>iugulatur,</span> <span class='ocrx_word' id='word_1_127' title='bbox 1106 2284 1184 2347; x_wconf 93' lang='lat' dir='ltr'>tum</span> <span class='ocrx_word' id='word_1_128' title='bbox 1207 2284 1345 2349; x_wconf 89' lang='lat' dir='ltr'>cratere</span> 
     </span>
     <span class='ocr_line' id='line_1_17' title="bbox 157 2389 1345 2479; baseline 0 -19"><span class='ocrx_word' id='word_1_129' title='bbox 157 2393 271 2460; x_wconf 77' lang='lat' dir='ltr'>mixto</span> <span class='ocrx_word' id='word_1_130' title='bbox 294 2392 421 2458; x_wconf 90' lang='lat' dir='ltr'>vinum</span> <span class='ocrx_word' id='word_1_131' title='bbox 449 2391 495 2459; x_wconf 89' lang='lat' dir='ltr'>ab</span> <span class='ocrx_word' id='word_1_132' title='bbox 527 2389 700 2458; x_wconf 79' lang='lat' dir='ltr'>archonte</span> <span class='ocrx_word' id='word_1_133' title='bbox 724 2392 938 2479; x_wconf 89' lang='lat' dir='ltr'>propinatur</span> <span class='ocrx_word' id='word_1_134' title='bbox 963 2393 1127 2459; x_wconf 91' lang='lat' dir='ltr'>mortuis.</span> <span class='ocrx_word' id='word_1_135' title='bbox 1173 2391 1246 2461; x_wconf 87' lang='lat' dir='ltr'>Sed</span> <span class='ocrx_word' id='word_1_136' title='bbox 1271 2391 1345 2460; x_wconf 90' lang='lat' dir='ltr'>huc</span> 
     </span>
     <span class='ocr_line' id='line_1_18' title="bbox 157 2500 1346 2590; baseline 0 -20"><span class='ocrx_word' id='word_1_137' title='bbox 157 2504 232 2571; x_wconf 86' lang='lat' dir='ltr'>iam</span> <span class='ocrx_word' id='word_1_138' title='bbox 254 2503 382 2590; x_wconf 83' lang='lat' dir='ltr'>paucis</span> <span class='ocrx_word' id='word_1_139' title='bbox 396 2505 568 2569; x_wconf 88' lang='lat' dir='ltr'>revertar.</span> <span class='ocrx_word' id='word_1_140' title='bbox 607 2500 710 2570; x_wconf 85' lang='lat' dir='ltr'>Haec</span> <span class='ocrx_word' id='word_1_141' title='bbox 732 2504 955 2571; x_wconf 85' lang='lat' dir='ltr'>caerimonia</span> <span class='ocrx_word' id='word_1_142' title='bbox 977 2505 1054 2570; x_wconf 90' lang='lat' dir='ltr'>arte</span> <span class='ocrx_word' id='word_1_143' title='bbox 1070 2502 1239 2571; x_wconf 85' lang='lat' dir='ltr'>cohaeret</span> <span class='ocrx_word' id='word_1_144' title='bbox 1261 2523 1346 2570; x_wconf 91' lang='lat' dir='ltr'>cum</span> 
     </span>
     <span class='ocr_line' id='line_1_19' title="bbox 158 2612 1346 2702; baseline -0.001 -20"><span class='ocrx_word' id='word_1_145' title='bbox 158 2613 231 2682; x_wconf 90' lang='lat' dir='ltr'>illis</span> <span class='ocrx_word' id='word_1_146' title='bbox 254 2612 385 2702; x_wconf 87' lang='lat' dir='ltr'>epulis,</span> <span class='ocrx_word' id='word_1_147' title='bbox 418 2633 510 2700; x_wconf 90' lang='lat' dir='ltr'>quae</span> <span class='ocrx_word' id='word_1_148' title='bbox 532 2612 669 2680; x_wconf 88' lang='lat' dir='ltr'>fiebant</span> <span class='ocrx_word' id='word_1_149' title='bbox 695 2614 857 2700; x_wconf 89' lang='lat' dir='ltr'>principe</span> <span class='ocrx_word' id='word_1_150' title='bbox 884 2613 1039 2701; x_wconf 84' lang='lat' dir='ltr'>sepult03</span> <span class='ocrx_word' id='word_1_151' title='bbox 1071 2634 1179 2702; x_wconf 90' lang='lat' dir='ltr'>quem</span> <span class='ocrx_word' id='word_1_152' title='bbox 1205 2635 1346 2682; x_wconf 87' lang='lat' dir='ltr'>morem</span> 
     </span>
     <span class='ocr_line' id='line_1_20' title="bbox 158 2723 1346 2811; baseline 0 -19"><span class='ocrx_word' id='word_1_153' title='bbox 158 2725 197 2792; x_wconf 92' lang='lat' dir='ltr'>in</span> <span class='ocrx_word' id='word_1_154' title='bbox 218 2723 371 2792; x_wconf 90' lang='lat' dir='ltr'>Homeri</span> <span class='ocrx_word' id='word_1_155' title='bbox 401 2723 660 2806; x_wconf 89' lang='lat' dir='ltr'>carminibus¹)</span> <span class='ocrx_word' id='word_1_156' title='bbox 693 2726 1016 2791; x_wconf 89' lang='lat' dir='ltr'>commemoratum</span> <span class='ocrx_word' id='word_1_157' title='bbox 1046 2727 1173 2811; x_wconf 88' lang='lat' dir='ltr'>postea</span> <span class='ocrx_word' id='word_1_158' title='bbox 1203 2745 1277 2792; x_wconf 91' lang='lat' dir='ltr'>non</span> <span class='ocrx_word' id='word_1_159' title='bbox 1306 2725 1346 2792; x_wconf 93' lang='lat' dir='ltr'>in</span> 
     </span>
     <span class='ocr_line' id='line_1_21' title="bbox 158 2833 1388 2922; baseline 0 -20"><span class='ocrx_word' id='word_1_160' title='bbox 158 2855 228 2902; x_wconf 93' lang='lat' dir='ltr'>usu</span> <span class='ocrx_word' id='word_1_161' title='bbox 260 2835 371 2902; x_wconf 83' lang='lat' dir='ltr'>fuisse</span> <span class='ocrx_word' id='word_1_162' title='bbox 393 2833 553 2917; x_wconf 65' lang='lat' dir='ltr'>Rohdel)</span> <span class='ocrx_word' id='word_1_163' title='bbox 585 2836 664 2902; x_wconf 91' lang='lat' dir='ltr'>iure</span> <span class='ocrx_word' id='word_1_164' title='bbox 691 2834 895 2922; x_wconf 85' lang='lat' dir='ltr'>explicavit.</span> <span class='ocrx_word' id='word_1_165' title='bbox 940 2834 1074 2902; x_wconf 79' lang='lat' dir='ltr'>Tamen</span> <span class='ocrx_word' id='word_1_166' title='bbox 1104 2835 1232 2902; x_wconf 92' lang='lat' dir='ltr'>similis</span> <span class='ocrx_word' id='word_1_167' title='bbox 1259 2856 1344 2903; x_wconf 91' lang='lat' dir='ltr'>con·</span> <span class='ocrx_word' id='word_1_168' title='bbox 1385 2842 1388 2891; x_wconf 75' lang='lat' dir='ltr'><strong><em>J</em></strong></span> 
     </span>
     <span class='ocr_line' id='line_1_22' title="bbox 159 2942 1389 3033; baseline 0 -19"><span class='ocrx_word' id='word_1_169' title='bbox 159 2945 312 3014; x_wconf 89' lang='lat' dir='ltr'>suetudo</span> <span class='ocrx_word' id='word_1_170' title='bbox 334 2946 595 3032; x_wconf 86' lang='lat' dir='ltr'>posterioribus</span> <span class='ocrx_word' id='word_1_171' title='bbox 615 2965 758 3033; x_wconf 88' lang='lat' dir='ltr'>quoque</span> <span class='ocrx_word' id='word_1_172' title='bbox 773 2947 996 3033; x_wconf 88' lang='lat' dir='ltr'>temporibus</span> <span class='ocrx_word' id='word_1_173' title='bbox 1019 2946 1221 3013; x_wconf 83' lang='lat' dir='ltr'>constitisse</span> <span class='ocrx_word' id='word_1_174' title='bbox 1245 2946 1345 3014; x_wconf 83' lang='lat' dir='ltr'>vide-</span> <span class='ocrx_word' id='word_1_175' title='bbox 1385 2942 1389 3031; x_wconf 65' lang='grc' dir='ltr'>ξ</span> 
     </span>
     <span class='ocr_line' id='line_1_23' title="bbox 159 3051 1345 3143; baseline 0 -19"><span class='ocrx_word' id='word_1_176' title='bbox 159 3061 232 3138; x_wconf 89' lang='lat' dir='ltr'>tur,</span> <span class='ocrx_word' id='word_1_177' title='bbox 264 3076 358 3143; x_wconf 89' lang='lat' dir='ltr'>quae</span> <span class='ocrx_word' id='word_1_178' title='bbox 386 3057 586 3124; x_wconf 88' lang='lat' dir='ltr'>vocabatur</span> <span class='ocrx_word' id='word_1_179' title='bbox 616 3051 838 3139; x_wconf 76' lang='grc' dir='ltr'><em>περίδειπνον.</em></span> <span class='ocrx_word' id='word_1_180' title='bbox 889 3056 988 3124; x_wconf 90' lang='lat' dir='ltr'>Nam</span> <span class='ocrx_word' id='word_1_181' title='bbox 1014 3057 1085 3126; x_wconf 89' lang='lat' dir='ltr'>hac</span> <span class='ocrx_word' id='word_1_182' title='bbox 1111 3058 1149 3124; x_wconf 92' lang='lat' dir='ltr'>in</span> <span class='ocrx_word' id='word_1_183' title='bbox 1179 3078 1219 3125; x_wconf 90' lang='lat' dir='ltr'>re</span> <span class='ocrx_word' id='word_1_184' title='bbox 1246 3058 1345 3126; x_wconf 91' lang='lat' dir='ltr'>idem</span> 
     </span>
     <span class='ocr_line' id='line_1_24' title="bbox 160 3165 1344 3256; baseline 0.001 -21"><span class='ocrx_word' id='word_1_185' title='bbox 160 3169 315 3235; x_wconf 87' lang='lat' dir='ltr'>sensisse</span> <span class='ocrx_word' id='word_1_186' title='bbox 347 3165 508 3235; x_wconf 84' lang='lat' dir='ltr'>Graecos</span> <span class='ocrx_word' id='word_1_187' title='bbox 540 3187 715 3254; x_wconf 88' lang='lat' dir='ltr'>apparere</span> <span class='ocrx_word' id='word_1_188' title='bbox 746 3172 850 3255; x_wconf 88' lang='lat' dir='ltr'>puto,</span> <span class='ocrx_word' id='word_1_189' title='bbox 882 3170 953 3236; x_wconf 90' lang='lat' dir='ltr'>nisi</span> <span class='ocrx_word' id='word_1_190' title='bbox 983 3169 1083 3256; x_wconf 89' lang='lat' dir='ltr'>quod</span> <span class='ocrx_word' id='word_1_191' title='bbox 1112 3168 1252 3236; x_wconf 88' lang='lat' dir='ltr'>familia</span> <span class='ocrx_word' id='word_1_192' title='bbox 1278 3189 1344 3256; x_wconf 88' lang='lat' dir='ltr'>pro</span> 
     </span>
     <span class='ocr_line' id='line_1_25' title="bbox 158 3277 1345 3368; baseline -0.001 -21"><span class='ocrx_word' id='word_1_193' title='bbox 158 3279 293 3368; x_wconf 91' lang='lat' dir='ltr'>populo</span> <span class='ocrx_word' id='word_1_194' title='bbox 310 3277 589 3346; x_wconf 87' lang='lat' dir='ltr'>sollemnitatem</span> <span class='ocrx_word' id='word_1_195' title='bbox 605 3277 820 3346; x_wconf 88' lang='lat' dir='ltr'>celebrabat.</span> <span class='ocrx_word' id='word_1_196' title='bbox 857 3279 912 3347; x_wconf 86' lang='lat' dir='ltr'>De</span> <span class='ocrx_word' id='word_1_197' title='bbox 934 3300 1007 3367; x_wconf 88' lang='lat' dir='ltr'>qua</span> <span class='ocrx_word' id='word_1_198' title='bbox 1021 3280 1196 3366; x_wconf 84' lang='lat' dir='ltr'>religione</span> <span class='ocrx_word' id='word_1_199' title='bbox 1212 3279 1345 3349; x_wconf 86' lang='lat' dir='ltr'>Schoe-</span> 
     </span>
     <span class='ocr_line' id='line_1_26' title="bbox 159 3389 1347 3475; baseline 0 -18"><span class='ocrx_word' id='word_1_200' title='bbox 159 3390 303 3471; x_wconf 86' lang='lat' dir='ltr'>mann³)</span> <span class='ocrx_word' id='word_1_201' title='bbox 325 3389 416 3457; x_wconf 81' lang='lat' dir='ltr'>hacc</span> <span class='ocrx_word' id='word_1_202' title='bbox 445 3389 545 3457; x_wconf 89' lang='lat' dir='ltr'>dicit:</span> <span class='ocrx_word' id='word_1_203' title='bbox 577 3389 626 3455; x_wconf 84' lang='lat' dir='ltr'>Es</span> <span class='ocrx_word' id='word_1_204' title='bbox 656 3412 724 3456; x_wconf 85' lang='lat' dir='ltr'>war</span> <span class='ocrx_word' id='word_1_205' title='bbox 750 3393 805 3456; x_wconf 80' lang='lat' dir='ltr'>der</span> <span class='ocrx_word' id='word_1_206' title='bbox 828 3391 924 3466; x_wconf 77' lang='lat' dir='ltr'>Sino,</span> <span class='ocrx_word' id='word_1_207' title='bbox 954 3392 1022 3458; x_wconf 77' lang='lat' dir='ltr'>sict</span> <span class='ocrx_word' id='word_1_208' title='bbox 1048 3393 1126 3458; x_wconf 84' lang='grc' dir='ltr'><em>νιοιλ</em></span> <span class='ocrx_word' id='word_1_209' title='bbox 1152 3392 1271 3458; x_wconf 60' lang='lat' dir='ltr'>domat</span> <span class='ocrx_word' id='word_1_210' title='bbox 1295 3414 1347 3475; x_wconf 78' lang='lat' dir='ltr'>pe·</span> 
     </span>
     <span class='ocr_line' id='line_1_27' title="bbox 159 3501 1347 3585; baseline 0 -17"><span class='ocrx_word' id='word_1_211' title='bbox 159 3501 410 3582; x_wconf 78' lang='lat' dir='ltr'>meinschaftlict</span> <span class='ocrx_word' id='word_1_212' title='bbox 426 3502 479 3566; x_wconf 80' lang='lat' dir='ltr'>des</span> <span class='ocrx_word' id='word_1_213' title='bbox 494 3501 783 3585; x_wconf 76' lang='grc' dir='ltr'><em>Ηινιριειλιιδιιιινι</em></span> <span class='ocrx_word' id='word_1_214' title='bbox 803 3503 926 3568; x_wconf 80' lang='lat' dir='ltr'>liebend</span> <span class='ocrx_word' id='word_1_215' title='bbox 938 3524 980 3568; x_wconf 85' lang='grc' dir='ltr'><em>να</em></span> <span class='ocrx_word' id='word_1_216' title='bbox 994 3506 1143 3569; x_wconf 77' lang='lat' dir='ltr'>erinnem</span> <span class='ocrx_word' id='word_1_217' title='bbox 1157 3505 1225 3568; x_wconf 80' lang='grc' dir='ltr'><em>ανιιλ</em></span> <span class='ocrx_word' id='word_1_218' title='bbox 1245 3506 1347 3568; x_wconf 72' lang='lat' dir='ltr'>seiher</span> 
     </span>
     <span class='ocr_line' id='line_1_28' title="bbox 169 3612 1346 3697; baseline 0.001 -19"><span class='ocrx_word' id='word_1_219' title='bbox 169 3615 350 3680; x_wconf 78' lang='lat' dir='ltr'>Verdtonste</span> <span class='ocrx_word' id='word_1_220' title='bbox 369 3615 429 3677; x_wconf 79' lang='lat' dir='ltr'>mit</span> <span class='ocrx_word' id='word_1_221' title='bbox 442 3612 681 3696; x_wconf 72' lang='lat' dir='ltr'>Aaorlcenaanp</span> <span class='ocrx_word' id='word_1_222' title='bbox 702 3615 770 3678; x_wconf 82' lang='grc' dir='ltr'><em>ανδ</em></span> <span class='ocrx_word' id='word_1_223' title='bbox 784 3613 850 3678; x_wconf 79' lang='lat' dir='ltr'>Loo</span> <span class='ocrx_word' id='word_1_224' title='bbox 872 3635 914 3678; x_wconf 79' lang='grc' dir='ltr'>ιιι</span> <span class='ocrx_word' id='word_1_225' title='bbox 933 3614 1098 3697; x_wconf 62' lang='lat' dir='ltr'>penaten</span> <span class='ocrx_word' id='word_1_226' title='bbox 1136 3612 1209 3683; x_wconf 84' lang='lat' dir='ltr'>Sed</span> <span class='ocrx_word' id='word_1_227' title='bbox 1230 3612 1346 3680; x_wconf 91' lang='lat' dir='ltr'>multo</span> 
     </span>
     <span class='ocr_line' id='line_1_29' title="bbox 162 3721 1346 3809; baseline -0.001 -18"><span class='ocrx_word' id='word_1_228' title='bbox 162 3723 329 3792; x_wconf 90' lang='lat' dir='ltr'>subtilius</span> <span class='ocrx_word' id='word_1_229' title='bbox 351 3721 513 3804; x_wconf 72' lang='lat' dir='ltr'>Rohueo</span> <span class='ocrx_word' id='word_1_230' title='bbox 540 3722 691 3805; x_wconf 88' lang='lat' dir='ltr'>iudicat,</span> <span class='ocrx_word' id='word_1_231' title='bbox 715 3723 779 3809; x_wconf 92' lang='lat' dir='ltr'>qui</span> <span class='ocrx_word' id='word_1_232' title='bbox 801 3742 948 3790; x_wconf 88' lang='lat' dir='ltr'>sensum</span> <span class='ocrx_word' id='word_1_233' title='bbox 969 3723 1080 3792; x_wconf 91' lang='lat' dir='ltr'>huius</span> <span class='ocrx_word' id='word_1_234' title='bbox 1103 3723 1346 3791; x_wconf 89' lang='lat' dir='ltr'>caerimoniae</span> 
     </span>
     <span class='ocr_line' id='line_1_30' title="bbox 160 3833 1347 3923; baseline 0 -21"><span class='ocrx_word' id='word_1_235' title='bbox 160 3835 269 3923; x_wconf 89' lang='lat' dir='ltr'>plane</span> <span class='ocrx_word' id='word_1_236' title='bbox 299 3833 454 3919; x_wconf 77' lang='lat' dir='ltr'>intelligi</span> <span class='ocrx_word' id='word_1_237' title='bbox 484 3854 557 3901; x_wconf 93' lang='lat' dir='ltr'>non</span> <span class='ocrx_word' id='word_1_238' title='bbox 588 3852 694 3920; x_wconf 91' lang='lat' dir='ltr'>posse</span> <span class='ocrx_word' id='word_1_239' title='bbox 726 3834 924 3918; x_wconf 89' lang='lat' dir='ltr'>contendit,</span> <span class='ocrx_word' id='word_1_240' title='bbox 956 3835 1028 3902; x_wconf 91' lang='lat' dir='ltr'>nisi</span> <span class='ocrx_word' id='word_1_241' title='bbox 1056 3836 1193 3902; x_wconf 89' lang='lat' dir='ltr'>mortui</span> <span class='ocrx_word' id='word_1_242' title='bbox 1223 3836 1347 3902; x_wconf 83' lang='lat' dir='ltr'>anima</span> 
     </span>
     <span class='ocr_line' id='line_1_31' title="bbox 162 3944 1345 4033; baseline -0.001 -19"><span class='ocrx_word' id='word_1_243' title='bbox 162 3948 349 4030; x_wconf 73' lang='lat' dir='ltr'>cogitatum,</span> <span class='ocrx_word' id='word_1_244' title='bbox 372 3965 465 4031; x_wconf 85' lang='lat' dir='ltr'>quae</span> <span class='ocrx_word' id='word_1_245' title='bbox 487 3946 624 4032; x_wconf 84' lang='lat' dir='ltr'>praesit</span> <span class='ocrx_word' id='word_1_246' title='bbox 638 3944 754 4030; x_wconf 90' lang='lat' dir='ltr'>epulis</span> <span class='ocrx_word' id='word_1_247' title='bbox 777 3945 906 4012; x_wconf 90' lang='lat' dir='ltr'>eodem</span> <span class='ocrx_word' id='word_1_248' title='bbox 921 3946 1041 4028; x_wconf 87' lang='lat' dir='ltr'>modo,</span> <span class='ocrx_word' id='word_1_249' title='bbox 1063 3946 1211 4033; x_wconf 83' lang='lat' dir='ltr'>quodsi</span> <span class='ocrx_word' id='word_1_250' title='bbox 1233 3947 1345 4013; x_wconf 90' lang='lat' dir='ltr'>sacri·</span> 
     </span>
     <span class='ocr_line' id='line_1_32' title="bbox 161 4054 1344 4142; baseline -0.002 -18"><span class='ocrx_word' id='word_1_251' title='bbox 161 4056 264 4124; x_wconf 88' lang='lat' dir='ltr'>ficiis.</span> <span class='ocrx_word' id='word_1_252' title='bbox 308 4054 404 4122; x_wconf 84' lang='lat' dir='ltr'>Talis</span> <span class='ocrx_word' id='word_1_253' title='bbox 432 4075 567 4123; x_wconf 89' lang='lat' dir='ltr'>coenae</span> <span class='ocrx_word' id='word_1_254' title='bbox 589 4055 797 4142; x_wconf 84' lang='lat' dir='ltr'>exemplum</span> <span class='ocrx_word' id='word_1_255' title='bbox 820 4057 1003 4124; x_wconf 87' lang='lat' dir='ltr'>invenitur</span> <span class='ocrx_word' id='word_1_256' title='bbox 1029 4057 1068 4124; x_wconf 91' lang='lat' dir='ltr'>in</span> <span class='ocrx_word' id='word_1_257' title='bbox 1089 4055 1344 4124; x_wconf 90' lang='lat' dir='ltr'>Demosthenis</span> 
     </span>
    </p>
   </div>
   <div class='ocr_carea' id='block_1_6' title="bbox 163 4179 366 4186">
    <p class='ocr_par' dir='ltr' id='par_1_6' title="bbox 163 4179 366 4186">
     <span class='ocr_line' id='line_1_33' title="bbox 163 4179 366 4186; baseline -0.005 0"><span class='ocrx_word' id='word_1_258' title='bbox 163 4179 212 4186; x_wconf 61' lang='grc' dir='ltr'>ι-</span> <span class='ocrx_word' id='word_1_259' title='bbox 224 4181 235 4185; x_wconf 81' lang='lat'>-</span> <span class='ocrx_word' id='word_1_260' title='bbox 257 4181 292 4184; x_wconf 88' lang='grc'>-.-</span> <span class='ocrx_word' id='word_1_261' title='bbox 314 4181 366 4185; x_wconf 83' lang='grc'>--.</span> 
     </span>
    </p>
   </div>
   <div class='ocr_carea' id='block_1_7' title="bbox 247 4224 692 4554">
    <p class='ocr_par' dir='ltr' id='par_1_7' title="bbox 247 4224 692 4554">
     <span class='ocr_line' id='line_1_34' title="bbox 248 4224 692 4290; baseline -0.007 -11"><span class='ocrx_word' id='word_1_262' title='bbox 248 4227 269 4290; x_wconf 91' lang='lat'>¹)</span> <span class='ocrx_word' id='word_1_263' title='bbox 287 4225 366 4280; x_wconf 82' lang='lat' dir='ltr'>Iliad.</span> <span class='ocrx_word' id='word_1_264' title='bbox 384 4224 480 4279; x_wconf 87' lang='lat' dir='ltr'>XXIV.</span> <span class='ocrx_word' id='word_1_265' title='bbox 500 4242 537 4279; x_wconf 85' lang='lat' dir='ltr'>vs.</span> <span class='ocrx_word' id='word_1_266' title='bbox 556 4225 615 4279; x_wconf 84' lang='grc'><strong>802.</strong></span> <span class='ocrx_word' id='word_1_267' title='bbox 634 4226 692 4280; x_wconf 81' lang='grc'><strong>665.</strong></span> 
     </span>
     <span class='ocr_line' id='line_1_35' title="bbox 248 4311 451 4380; baseline -0.01 -15"><span class='ocrx_word' id='word_1_268' title='bbox 248 4313 268 4374; x_wconf 76' lang='lat'>¹)</span> <span class='ocrx_word' id='word_1_269' title='bbox 286 4312 304 4365; x_wconf 92' lang='lat' dir='ltr'>l.</span> <span class='ocrx_word' id='word_1_270' title='bbox 324 4328 345 4364; x_wconf 93' lang='lat' dir='ltr'>c.</span> <span class='ocrx_word' id='word_1_271' title='bbox 364 4329 391 4380; x_wconf 89' lang='lat' dir='ltr'>p.</span> <span class='ocrx_word' id='word_1_272' title='bbox 409 4311 451 4364; x_wconf 76' lang='lat'>24.</span> 
     </span>
     <span class='ocr_line' id='line_1_36' title="bbox 247 4395 685 4466; baseline -0.011 -13"><span class='ocrx_word' id='word_1_273' title='bbox 247 4398 269 4462; x_wconf 84' lang='lat'>³)</span> <span class='ocrx_word' id='word_1_274' title='bbox 288 4395 392 4453; x_wconf 81' lang='lat' dir='ltr'>Griech.</span> <span class='ocrx_word' id='word_1_275' title='bbox 410 4396 507 4451; x_wconf 78' lang='lat' dir='ltr'>Altart.</span> <span class='ocrx_word' id='word_1_276' title='bbox 527 4395 560 4448; x_wconf 88' lang='grc' dir='ltr'>ΙΙ.</span> <span class='ocrx_word' id='word_1_277' title='bbox 579 4414 605 4466; x_wconf 90' lang='lat' dir='ltr'>p.</span> <span class='ocrx_word' id='word_1_278' title='bbox 626 4397 685 4451; x_wconf 75' lang='lat'>543.</span> 
     </span>
     <span class='ocr_line' id='line_1_37' title="bbox 248 4483 450 4554; baseline -0.015 -16"><span class='ocrx_word' id='word_1_279' title='bbox 248 4485 269 4547; x_wconf 84' lang='lat'>⁴)</span> <span class='ocrx_word' id='word_1_280' title='bbox 287 4484 304 4537; x_wconf 91' lang='lat' dir='ltr'>l.</span> <span class='ocrx_word' id='word_1_281' title='bbox 323 4500 344 4538; x_wconf 91' lang='lat' dir='ltr'>c.</span> <span class='ocrx_word' id='word_1_282' title='bbox 364 4501 389 4554; x_wconf 92' lang='lat' dir='ltr'>p.</span> <span class='ocrx_word' id='word_1_283' title='bbox 409 4483 450 4536; x_wconf 82' lang='lat'>24.</span> 
     </span>
    </p>
   </div>
   <div class='ocr_carea' id='block_1_8' title="bbox 0 0 1672 5200">
    <p class='ocr_par' dir='ltr' id='par_1_8' title="bbox 0 0 1672 5200">
     <span class='ocr_line' id='line_1_38' title="bbox 0 0 1672 5200; baseline 0 0"><span class='ocrx_word' id='word_1_284' title='bbox 0 0 1672 5200; x_wconf 95' lang='lat' dir='ltr'> </span> 
     </span>
    </p>
   </div>
  </div>
 </body>
</html>
