3316 5200
780 472 992 533 ..16-

865 755 911 820 A.

380 931 436 997 Ac
458 931 618 1015 primum
649 931 797 1018 quidem
824 932 945 1000 dicam
972 933 1017 999 de
1044 952 1088 999 ea
1109 932 1297 1012 libatione,
1329 935 1482 1016 quaeat

293 1060 379 1126 pars
402 1041 573 1108 sacrificii
594 1045 628 1108 et
651 1045 873 1110 caerimonia
893 1044 1066 1128 religiosa
1090 1043 1169 1109 sola
1190 1043 1370 1123 exstabat,
1398 1045 1476 1108 turn

295 1151 340 1218 de
367 1153 411 1218 iis
433 1152 683 1235 libationibus,
715 1174 808 1240 quae
836 1155 875 1220 in
899 1156 974 1221 vita
996 1156 1140 1241 privata
1161 1153 1306 1221 fiebant.
1336 1188 1376 1198 —
1404 1150 1477 1220 Sed

295 1263 508 1348 priusquam
529 1263 661 1332 adhoc
677 1266 796 1351 ipsum
812 1265 1017 1350 aggrediar,
1034 1265 1079 1332 de
1093 1265 1184 1333 locis
1197 1284 1317 1350 pauca
1331 1263 1477 1346 addam,

294 1373 360 1440 ubi
380 1373 572 1440 libationes
595 1375 847 1442 offerebantur.
890 1375 988 1442 Nam
1011 1374 1276 1462 dispertiendae
1298 1377 1383 1440 sunt
1404 1394 1478 1456 eae,

296 1503 500 1570 quaecum
531 1489 628 1550 certo
655 1484 735 1553 loco
763 1487 975 1554 coniunctae
1002 1492 1096 1567 sunt,
1126 1489 1219 1566 tum,
1253 1504 1346 1571 quae
1376 1484 1478 1564 fiunt,

294 1595 359 1661 ubi
390 1595 543 1682 quisque
575 1599 749 1662 versatur.
804 1596 925 1683 Atque
961 1597 1046 1664 illae
1081 1596 1316 1663 effunduntur
1347 1599 1410 1662 aut
1439 1597 1479 1662 in

296 1725 399 1771 aram
421 1710 485 1772 aut
506 1708 544 1773 in
567 1707 788 1793 sepulcrum,
822 1729 978 1794 quarum
1004 1729 1102 1777 nunc
1129 1707 1277 1794 quidem
1300 1706 1478 1773 disseren-

297 1816 386 1882 dum
408 1821 462 1884 est
484 1817 529 1884 de
551 1818 606 1900 iis,
630 1839 723 1906 quae
745 1820 784 1885 in
806 1839 910 1886 aram
934 1819 1211 1906 profunduntur.

383 1927 437 1994 De
460 1948 504 1994 ea
533 1928 719 2012 libatione,
752 1950 845 2017 quae
876 1951 961 1997 cum
987 1930 1166 1998 sacrificio
1194 1931 1388 1996 coniuncta
1415 1930 1479 2009 est,

295 2040 454 2106 maxime
476 2038 628 2107 Homeri
658 2041 821 2108 carmina
851 2061 917 2106 nos
946 2041 1084 2108 docent.
1129 2038 1383 2121 Bernhardi,¹)
1415 2040 1478 2124 qui

296 2149 342 2217 de
364 2149 434 2216 hac
456 2171 496 2216 re
521 2155 688 2218 accurate
705 2151 911 2238 disputavit,
935 2156 1031 2218 recte
1047 2151 1139 2217 duas
1157 2151 1269 2216 fnisse
1283 2148 1476 2216 libationes

297 2261 394 2343 dicit,
418 2281 511 2348 quae
533 2263 572 2328 in
587 2261 765 2328 sacrificio
780 2262 859 2328 fieri
879 2262 1056 2343 solebant3
1079 2263 1199 2348 prima
1213 2259 1476 2340 effundebatur,

295 2379 489 2458 postquam
511 2392 574 2438 eae
597 2373 829 2438 victimarum
850 2377 981 2458 partes,
1005 2393 1097 2460 quae
1117 2372 1191 2438 deis
1215 2375 1327 2452 erant,
1350 2371 1478 2457 pingui

298 2483 452 2548 amictae
474 2483 512 2549 in
532 2502 597 2548 ara
618 2484 755 2568 positae
771 2487 806 2550 et
819 2483 989 2550 incensae
1008 2485 1105 2563 sunt3
1128 2483 1243 2548 altera
1258 2481 1475 2548 offerebatur

298 2592 415 2679 epulis
446 2593 556 2659 finitis
590 2595 803 2680 priusquam
835 2595 1010 2661 convivae
1042 2595 1197 2679 digressi
1223 2596 1314 2659 sunt.
1339 2631 1381 2636 -
1404 2591 1477 2660 Sed

297 2705 372 2770 iam
403 2705 608 2770 accuratius
639 2703 699 2770 ille
722 2726 755 2770 ν.
785 2705 817 2770 d.
850 2703 917 2770 has
950 2706 1041 2772 duas
1072 2705 1263 2771 libationes
1296 2703 1478 2784 discernit,

297 2816 455 2900 priorem
478 2835 500 2879 a
522 2802 708 2881 sacerdote
731 2816 807 2881 solo
832 2816 909 2883 deis
930 2815 1011 2881 fieri
1025 2835 1091 2901 pro
1116 2816 1299 2895 omnibus3
1323 2813 1472 2880 alteram

298 2945 436 3007 omnes,
468 2945 763 3011 unumquemque
791 2947 836 2992 ex
859 2945 924 2992 suo
955 2925 1101 3012 poculo,
1133 2924 1316 2991 effundere
1338 2925 1377 2990 in
1401 2925 1474 2990 vic·

297 3037 470 3103 timarum
492 3036 647 3119 linguas,
671 3056 763 3122 quae
786 3038 823 3102 iu
846 3056 932 3102 arae
947 3035 1005 3103 vel
1020 3035 1092 3102 foci
1111 3037 1234 3120 ignem
1249 3036 1381 3101 missae
1398 3036 1479 3100 sint.

298 3146 405 3214 Prior
426 3147 492 3213 illa
506 3146 631 3213 libatio
656 3148 788 3232 optime
809 3146 1012 3214 illustratur
1034 3146 1219 3213 nonnullis
1234 3145 1393 3212 vasculis
1419 3165 1479 3210 ru-

298 3257 374 3325 bris
397 3258 525 3342 figuris
542 3258 701 3343 depictis.
739 3259 783 3324 In
797 3259 980 3344 plerisque
995 3257 1067 3325 illis
1082 3258 1156 3325 fere
1173 3277 1315 3343 semper
1330 3256 1479 3323 eaedem

299 3369 534 3435 inveniuntur
555 3369 706 3454 figurae,
730 3389 822 3455 quae
838 3369 1018 3436 sacrificio
1035 3372 1231 3454 occupatae
1247 3370 1339 3434 sunt.
1378 3366 1481 3436 Sem-

300 3499 364 3564 per
387 3479 489 3546 adest
511 3480 695 3560 sacerdos
724 3499 818 3545 unus
840 3480 900 3546 vel
923 3480 994 3546 duo
1022 3480 1191 3561 ministri,
1220 3478 1351 3564 quibus
1375 3497 1481 3562 saepe

300 3589 448 3657 additur
474 3591 615 3658 tibicen.
660 3589 709 3656 Ut
735 3592 871 3676 optima
896 3591 1080 3676 proferam
1106 3589 1284 3673 exempla,
1316 3587 1481 3670 conferas

300 3720 361 3767 eas
402 3702 597 3788 amphoras
633 3701 868 3785 Caeretanae,
903 3721 994 3789 quas
1031 3701 1225 3768 delineavit
1259 3697 1482 3782 Gerhard,²)

300 3832 456 3899 quarum
484 3812 598 3880 altera
625 3813 768 3899 supplet
795 3812 957 3879 alteram.
1003 3812 1047 3879 In
1070 3832 1111 3878 eo
1134 3810 1298 3892 vasculo,
1322 3810 1421 3897 quod
1444 3810 1482 3876 in

299 3923 468 3991 inferiore
491 3925 592 4009 parte
615 3924 762 4006 exsistit,
787 3943 852 3989 ara
865 3924 904 3990 in
921 3922 1042 3990 medio
1057 3923 1248 3999 invenitur,
1273 3923 1354 3987 aute
1370 3940 1481 4006 quam

249 4065 253 4088 ν
301 4035 472 4103 sacerdos
496 4036 567 4100 stat
588 4034 778 4116 barbatus,
801 4034 838 4099 in
863 4034 1029 4100 dextram
1054 4051 1193 4114 versus,
1220 4031 1332 4118 pallio
1354 4032 1405 4098 ita
1426 4032 1480 4096 in-

389 4267 412 4330 1)
429 4265 484 4317 Das
502 4264 663 4334 Trankopfer
687 4264 728 4317 bei
750 4263 860 4316 Homer.
895 4262 1047 4330 Abhaudlg.
1072 4281 1103 4315 zu
1126 4263 1150 4314 d.
1176 4261 1326 4328 Programm
1353 4261 1399 4314 des
1421 4259 1483 4325 Kgl.

302 4349 489 4420 Gymnasiums
508 4366 540 4402 zu
558 4349 664 4418 Leipzig
683 4347 756 4402 1885.
775 4365 800 4417 p.
820 4348 843 4399 2.
867 4364 923 4416 sqq.

388 4436 409 4500 ²)
428 4434 599 4488 Auserlesene
618 4431 791 4486 Vasenbilder
811 4431 859 4485 ΙΙΙ.
887 4432 942 4499 155.
