3316 5200
650 466 902 529 .-]3-

206 652 375 732 constitit,
398 653 474 718 sive
497 651 684 718 flabellum
699 653 775 718 sive
794 652 952 734 trullam,
976 653 1051 719 sive
1067 656 1261 737 utrumqne
1276 651 1395 737 porri-

207 781 305 846 gens
351 763 451 830 Inter
473 783 563 849 quos
585 762 698 845 ferae,
726 783 817 849 quas
840 783 904 830 rex
928 762 1095 829 venando
1119 762 1264 844 occidit,
1287 761 1390 829 humi

206 874 335 940 iacent.
375 871 515 953 Quibus
530 875 639 941 rebus
655 873 762 960 plane
778 874 1057 956 demonstratur,
1077 893 1202 958 regem
1216 871 1392 941 libatione

208 984 330 1052 oblata
352 986 490 1068 gratias
513 1004 621 1069 agere
645 984 732 1066 dele,
756 984 855 1071 quod
878 984 949 1051 sibi
971 984 1173 1051 secundum
1187 984 1393 1050 venationis

207 1099 376 1162 eventum
402 1096 646 1181 praebuerint.
691 1094 792 1175 Quae
822 1088 880 1162 res
913 1115 1019 1181 saepe
1050 1083 1235 1162 invenitur
1264 1094 1393 1180 paucis

206 1208 354 1272 mutatis
376 1208 415 1273 in
436 1205 510 1273 11113
532 1206 746 1292 parietibus
779 1225 869 1293 quos
892 1225 945 1272 ea.
974 1225 1110 1272 annum
1138 1206 1391 1290 octingentesi-

206 1337 309 1383 mum
333 1318 594 1402 octogesimum
617 1318 784 1404 quintum
806 1320 1008 1383 exstructos
1032 1336 1112 1384 esse
1136 1319 1285 1384 constat.

293 1425 433 1507 Quibus
455 1428 693 1512 Assyriorum
715 1429 960 1495 monumentis
984 1428 1134 1510 addam,
1158 1447 1251 1514 quae
1274 1425 1390 1494 Phoe-

206 1540 330 1606 nicum
344 1540 523 1606 novimus.
561 1538 644 1605 Huc
663 1541 828 1605 nontam
844 1559 888 1605 ea
905 1538 1097 1625 quadrant,
1114 1558 1207 1625 quae
1223 1538 1389 1605 videmus

206 1652 244 1718 in
266 1649 373 1736 pila1)
404 1649 579 1736 quadam,
609 1651 759 1716 inventa
780 1649 818 1716 in
843 1650 1067 1732 1313333131,
1099 1650 1164 1715 ubi
1195 1649 1296 1716 sedet
1324 1649 1394 1718 dea

207 1761 266 1828 vel
290 1761 378 1828 deae
401 1762 639 1828 simulacrum
662 1761 927 1844 Bootae-Gebol,
961 1764 1020 1828 oni
1047 1761 1156 1828 homo
1179 1762 1392 1830 libationem

208 1873 335 1939 offerre
358 1872 516 1954 videtur,
549 1893 659 1958 quam
687 1872 822 1940 multae
849 1876 995 1959 paterae
1025 1873 1232 1939 simillimae
1256 1874 1288 1940 ei
1309 1893 1393 1939 vas-

208 1982 299 2066 culo,
332 1983 430 2068 quod
454 1981 603 2051 Graecis
635 1987 787 2050 vocatur
823 1977 934 2068 φιάλη.
991 1982 1156 2064 Quarmn
1182 1987 1391 2070 paterarum

207 2093 402 2160 nonnullas
424 2095 573 2180 praebet
588 2093 923 2181 Perrot-Ohipiez.²)
960 2095 1128 2162 Eandem
1147 2094 1303 2162 formam
1317 2095 1393 2161 iam

208 2206 254 2272 ab
281 2205 444 2290 Assyriis
477 2205 680 2273 adhibitam
710 2225 788 2272 esse
820 2206 868 2273 ad
897 2206 1091 2273 libationes
1119 2205 1357 2273 effundendas
1367 2210 1392 2284 ³)

207 2315 336 2383 Perrot
358 2316 579 2383 contendens
594 2315 663 2384 hoc
684 2317 794 2383 modo
816 2319 947 2404 pergit:
972 2317 1057 2382 dest
1081 2319 1113 2383 lo
1138 2310 1318 2400 „prdlffb
1341 2319 1394 2382 des

211 2426 309 2492 Graes
331 2435 361 2492 et
384 2429 416 2492 lo
439 2427 596 2509 ,‚patero“
619 2431 672 2493 des
695 2429 850 2494 Romulus
877 2432 931 2511 qui
957 2436 1011 2494 ont
1037 2431 1102 2510 fait
1129 2430 1156 2494 le
1182 2429 1276 2493 rudore
1297 2450 1394 2512 osope

208 2541 244 2603 de
266 2559 314 2604 ces
337 2545 435 2604 tusses
458 2560 498 2603 oa
518 2539 627 2620 ploret
649 2541 686 2604 dc
709 2560 756 2604 ces
776 2541 874 2617 plats,
905 2542 942 2604 de
964 2560 1012 2605 ces
1035 2543 1178 2606 assatas
1201 2560 1330 2604 accuses,
1360 2575 1388 2584 —

208 2648 288 2716 Hae
314 2653 461 2736 paterae
487 2650 670 2717 uberrime
698 2651 858 2718 caelatae
886 2671 970 2718 cnm
997 2670 1155 2737 pugnaS,
1181 2651 1389 2717 venationes

207 2765 285 2827 tum
300 2761 539 2828 caerimonias
554 2761 744 2844 religiosas
759 2763 942 2846 praebent.
968 2759 1132 2840 Quarum
1148 2761 1241 2827 duae
1257 2762 1390 2828 summi

209 2874 293 2938 sunt
314 2873 502 2952 momenti3
534 2871 649 2938 altera
671 2871 748 2954 (HI.
771 2872 831 2956 fig.
856 2873 942 2954 482),
975 2892 1067 2958 quae
1095 2876 1148 2939 est
1178 2873 1271 2938 inter
1302 2872 1392 2938 anti-

209 2983 418 3070 quissimas,
443 2981 549 3049 deam
569 2983 715 3050 exhibet
730 2982 929 3065 sedentem,
952 2984 1012 3050 eui
1025 2982 1196 3050 mulieres
1219 2980 1396 3049 saltantes

210 3093 307 3160 diem
320 3092 453 3159 festum
468 3092 661 3160 celebrant.
700 3094 796 3159 Ante
813 3093 920 3161 deam
934 3113 1062 3160 mensa
1077 3096 1130 3160 est
1145 3095 1271 3179 posita,
1295 3093 1390 3174 libis,

210 3203 291 3270 aliis
315 3207 508 3285 exstructa,
531 3205 591 3271 cui
606 3206 873 3290 appropinquat
895 3205 1075 3287 sacerdos
1099 3225 1191 3291 qnae
1206 3208 1305 3271 tenet
1327 3205 1394 3270 sis-

210 3318 308 3381 trum
330 3319 364 3381 et
385 3313 543 3380 trullam.
589 3313 661 3381 Pro
685 3318 782 3382 certo
806 3315 1016 3382 habendum
1038 3319 1100 3392 est,
1123 3315 1219 3382 hane
1241 3315 1390 3385 trullam

210 3425 267 3492 his
289 3424 379 3492 locis
402 3426 439 3490 in
462 3424 679 3508 moluisse,
708 3445 781 3511 qna
807 3427 935 3492 vinnm
961 3446 980 3492 e
1007 3430 1145 3493 cratere
1174 3425 1393 3492 exhaustum

304 3674 322 3737 ¹)
340 3689 380 3742 ap.
401 3671 613 3742 Ferret-Chipiez
632 3672 648 3724 1.
668 3689 689 3726 o.
709 3671 757 3725 111.
776 3673 819 3739 fig.
839 3672 880 3726 23.
1249 3734 1251 3738 ¹

301 3777 321 3838 2)
460 3775 559 3828 ibidem
709 3774 756 3827 III.
775 3773 819 3842 fig.
839 3776 896 3828 546.
915 3776 976 3828 547.
996 3775 1054 3829 548.
1075 3776 1133 3829 550.

299 3878 323 3942 ³)
462 3878 561 3931 ibidem
726 3878 760 3930 II.
778 3895 804 3947 p.
823 3877 880 3932 736.
900 3877 944 3945 fig.
963 3877 1024 3932 398.

300 3981 321 4045 ⁴)
338 3981 396 4034 Hoc
413 3982 468 4034 loco
486 3980 590 4046 addam,
609 3984 730 4050 pateram
749 3977 857 4048 φιάλην
875 3980 1033 4033 nominaria
1050 3980 1164 4033 Pindaro
1176 3981 1259 4048 primo
1278 3982 1393 4045 auctore,

214 4068 259 4136 331
271 4066 367 4120 Isthm.
387 4065 419 4118 V.
439 4066 506 4132 (VI).
525 4083 562 4118 vs.
581 4065 622 4120 35.
642 4083 699 4136 sqq.
718 4066 880 4120 haecdicit:

421 4162 533 4223 ἄνδωκε
549 4173 566 4225 d
572 4162 660 4240 ἀὐτῷ
679 4164 822 4238 φέρτατος

422 4251 578 4308 οἰνόδοκον
597 4251 708 4322 φιάλαν
724 4253 821 4327 χρυσῷ
839 4260 1017 4323 πεφρικυῖαν
1038 4247 1186 4318 Τελαμών.

215 4355 322 4410 Homeri
340 4357 457 4410 earmina
475 4357 627 4426 plerumque
646 4357 771 4425 praebent
794 4373 882 4410 vocem
904 4351 1002 4421 δέπας;
1032 4356 1077 4409 sed
1100 4355 1269 4408 inveniuntur
1291 4370 1397 4424 quoque

215 4434 335 4507 ἆλεισος
354 4447 381 4497 et
399 4439 555 4497 κύπελλον.
