3316 5200
656 517 867 582 ..39-

169 703 396 790 adscriptum
423 706 477 771 est
499 706 626 784 ΠΑΙΣ,
653 703 781 769 vinum
807 702 985 769 infundat.
1032 700 1103 782 Qui
1130 703 1277 770 omnino
1299 722 1356 770 re-

169 814 325 900 spondet
353 815 430 882 vini
464 815 630 880 ministro
662 832 922 900 saepenumero
959 814 997 879 in
1028 813 1100 880 illis
1137 811 1355 899 anaglyphis

170 924 273 992 heroi
304 924 483 992 adiuncto.
508 960 546 968 -
572 923 616 991 In
642 944 684 991 eo
712 927 783 1004 est,
815 927 856 990 ut
881 944 972 1010 puer
998 943 1018 990 a
1045 927 1182 991 cratere
1208 921 1356 990 hauriat

170 1037 307 1102 vinum.
323 1035 507 1122 -Itaque
532 1034 576 1101 de
597 1034 739 1103 libandi
761 1035 910 1118 actione,
935 1055 1006 1121 quo
1029 1034 1138 1101 modo
1160 1035 1199 1102 in
1220 1037 1355 1122 myste-

169 1147 235 1214 riis
266 1145 432 1214 adhibita
465 1147 524 1228 sit,
556 1145 626 1213 hoc
663 1165 806 1232 quoque
843 1166 862 1212 e
901 1145 1052 1212 vasculo
1083 1143 1176 1211 nihil
1208 1144 1354 1213 conclu-

169 1256 333 1324 dendum
364 1260 435 1340 est,
467 1257 640 1343 quoniam
670 1257 898 1342 necrodipnii
923 1255 1054 1332 forma,
1085 1258 1126 1322 ut
1156 1274 1263 1342 saepe
1290 1255 1352 1323 fie-

168 1370 246 1451 bat,
279 1368 327 1436 ad
354 1369 441 1436 deos
464 1367 597 1435 inferos
624 1368 801 1434 translata
827 1365 923 1449 esth
949 1403 985 1412 -
1009 1366 1065 1434 De
1095 1366 1299 1453 liquoribus
1330 1387 1354 1433 a

168 1479 408 1547 maenadibus
439 1478 585 1547 Baccho
622 1477 743 1545 offusis
775 1478 1000 1565 Euripides2)
1038 1478 1167 1545 docere
1198 1477 1352 1563 videtur,

169 1592 233 1678 qui
255 1591 356 1658 dicit:

290 1718 339 1802 ῥεῖ
361 1714 397 1781 δὲ
419 1709 558 1802 γάλακτι
579 1713 693 1802 πέδον,
716 1718 764 1801 ῥἐῖ
786 1703 813 1779 δ’
826 1709 917 1801 οἴνῳ,
941 1716 989 1801 ῥεῖ
1011 1712 1047 1780 δὲ
1069 1714 1230 1797 μελισσᾶν

291 1825 428 1913 νέκταρι,
452 1823 573 1912 Συρίας
595 1815 683 1904 δ’ὡς
704 1820 839 1910 λιβάνου
861 1819 998 1903 καπνός.

254 1958 334 2024 Iam
357 1978 444 2025 vero
460 1961 645 2024 transeam
667 1956 715 2024 ad
737 1976 799 2023 eas
822 1956 1023 2038 libationes,
1047 1976 1140 2042 quae
1155 1956 1292 2023 fiebant
1313 1956 1352 2022 in

170 2068 395 2136 Graecorum
404 2069 589 2138 conviviis
614 2065 845 2155 Quamquam
854 2068 1114 2154 posterioribus
1128 2067 1351 2154 temporibus

169 2183 286 2247 certas
300 2180 492 2247 libationes
515 2180 553 2246 in
576 2179 676 2246 omni
698 2179 865 2247 convivio
889 2198 912 2244 a
934 2179 1097 2245 convivis
1118 2177 1250 2245 effusas
1273 2196 1351 2244 esse

169 2293 319 2372 constat,
342 2292 464 2356 tamen
480 2292 645 2356 auctores
662 2288 706 2356 de
724 2289 797 2356 illis
812 2290 864 2356 ita
885 2289 979 2356 inter
1002 2309 1039 2355 se
1063 2289 1288 2370 dissentiunt,
1312 2293 1353 2356 ut

170 2401 317 2469 difficile
340 2402 399 2485 sit,
428 2401 694 2469 controversias
717 2400 928 2468 diiudicare.
974 2399 1139 2467 Primum
1163 2399 1284 2468 dicam
1306 2397 1351 2467 de

167 2512 212 2578 iis
235 2512 485 2594 libationibus
514 2532 605 2598 quas
629 2499 726 2578 certo
749 2514 873 2579 tenore
896 2510 1079 2579 adhibitas
1102 2529 1181 2578 esse
1203 2512 1353 2598 probari

167 2626 294 2709 potest.
331 2622 412 2690 Iam
432 2643 544 2710 supra
557 2624 671 2690 verba
685 2622 755 2691 feci
771 2622 815 2690 de
832 2642 965 2690 coenae
981 2622 1225 2704 caerimoniis3
1257 2643 1350 2710 quae

167 2737 208 2800 ut
222 2737 391 2801 accurato
406 2733 561 2818 intelligi
578 2734 726 2820 possint,
750 2733 844 2800 duae
866 2736 986 2820 partes
1010 2733 1200 2819 epularum
1223 2732 1350 2800 distin-

167 2845 334 2930 guendae
357 2847 451 2927 sunt,
474 2864 630 2931 quarum
652 2845 753 2931 prior
774 2842 916 2927 δεῖπνον,
940 2843 1055 2910 altera
1078 2835 1264 2924 συμπόσιον
1285 2865 1349 2911 vo-

168 2959 280 3023 catur.
297 2993 339 2999 -
353 2954 525 3022 Dubitari
546 2958 672 3042 potest,
695 2975 784 3021 num
803 2955 929 3022 libatio
944 2954 1043 3021 facta
1057 2955 1112 3038 sit,
1135 2955 1350 3042 priusquam

168 3086 291 3149 coena,
313 3066 353 3134 id
376 3069 430 3133 est
451 3065 593 3144 δεῖπνον,
620 3067 849 3154 inciperetur.
894 3066 1005 3134 Recte
1027 3065 1234 3133 Bernhardi
1255 3067 1348 3134 iudi-

167 3180 235 3261 cat,
243 3177 268 3258 ³)
294 3175 366 3244 hoc
387 3178 537 3263 probari
558 3197 632 3243 non
653 3197 760 3264 posse
781 3175 934 3244 Homeri
956 3177 1194 3259 carminibus3
1230 3197 1348 3264 neque

165 3289 427 3374 posterioribus
449 3289 686 3376 temporibus
710 3292 889 3375 quantum
911 3289 1000 3371 scio,
1024 3291 1168 3355 exstant
1188 3289 1349 3356 testimo-

167 3400 237 3482 nia,
261 3419 354 3486 quae
376 3398 446 3466 hoc
468 3399 625 3466 firmant.
662 3399 761 3466 Nam
775 3398 955 3466 Athenaei
969 3399 1070 3466 locus
1087 3399 1162 3482 (IV.
1179 3419 1212 3486 p.
1232 3403 1292 3466 143
1309 3398 1347 3479 Ε)

166 3529 241 3576 non
268 3512 407 3597 spectat
433 3510 504 3577 nisi
531 3509 579 3577 ad
601 3509 748 3578 Oretum
776 3510 1083 3577 consuetudinem,
1130 3509 1203 3579 Sed
1226 3513 1348 3579 tenen-

169 3620 257 3686 dum
279 3623 346 3704 est,
379 3621 477 3707 qood
499 3641 611 3708 supra
636 3622 801 3708 exposui,
833 3620 987 3688 libatum
1011 3640 1090 3688 esse
1120 3623 1159 3688 in
1185 3641 1247 3689 eas
1270 3622 1347 3688 ani-

169 3731 323 3798 malium
350 3734 486 3818 parteS,
514 3752 605 3819 quas
629 3733 805 3801 convivae
831 3731 907 3798 deis
935 3733 1147 3800 comburere
1172 3732 1346 3815 solebant,

166 3842 380 3929 priusquam
401 3844 472 3928 ipsi
494 3842 541 3909 ad
561 3863 713 3910 coenam
728 3841 950 3910 accederent.
975 3880 1017 3887 —
1040 3841 1269 3911 Libationem
1290 3862 1347 3910 so-

165 3951 241 4019 lam
261 3954 520 4040 posterioribus
534 3954 758 4041 temporibus
781 3991 823 3996 —·
845 3951 995 4020 Homeri
1015 3955 1179 4021 carmina
1192 3953 1278 4022 huic
1293 3955 1348 4022 rei

166 4062 257 4131 nihil
272 4064 504 4151 supperfitant
518 4102 559 4108 -
575 4085 776 4151 numquam
791 4083 869 4131 esse
884 4065 1088 4149 neglectam
1104 4085 1218 4132 coena
1231 4063 1345 4147 finita,

253 4321 271 4378 ¹)
291 4318 329 4374 cf.
347 4319 540 4387 Furtwdngler:
557 4320 664 4375 Einleit.
684 4339 705 4373 z.
725 4317 833 4375 Samml.
852 4320 912 4374 Sat.
932 4339 956 4390 p.
976 4321 1017 4374 29.

250 4405 272 4469 ²)
290 4405 386 4459 Bacch.
403 4422 441 4458 rs.
461 4406 510 4458 142
530 4422 585 4476 sqq.

250 4492 435 4560 bland
