3370 5196
808 458 1063 546 „904'

327 668 488 750 evanuit,
523 670 564 734 ut
600 667 638 733 in
673 665 882 732 universum
912 663 1092 756 effundendi
1121 665 1219 731 notio
1254 664 1416 750 proiecta
1446 666 1501 733 sit.

325 778 461 846 Tamen
490 775 750 863 posterioribus
781 794 925 863 quoque
955 775 1178 861 temporibus
1208 774 1310 842 illam
1346 776 1503 862 primam

326 887 628 974 significationem
642 886 833 954 retinuisse
847 888 981 972 poetae,
1004 885 1189 952 nonnullis
1209 885 1300 953 locis
1315 887 1498 972 probatur.

327 999 378 1068 cf.
403 995 577 1084 Aeschyli
599 996 772 1079 versus:¹)

615 1136 880 1225 δακρυσίστακτα
903 1131 933 1204 δ’
959 1130 1024 1204 ἄντ’
1049 1131 1156 1206 λίσσων·

615 1245 745 1337 ῥαδινδν
767 1249 938 1334 λειβομένα
961 1249 1031 1336 ῥέος
1052 1247 1196 1336 παρειὰν

615 1359 736 1440 νοτίοις
757 1357 866 1446 ἔτεγξα
889 1365 1025 1447 παγαῖς.

410 1507 507 1576 Nam
528 1512 636 1595 poeta
658 1509 739 1575 voci
760 1505 941 1593 λειβομένα,
965 1529 1057 1596 quae
1071 1507 1141 1576 hoc
1156 1508 1243 1590 ,1000
1259 1508 1434 1575 vertenda
1449 1511 1503 1574 est

324 1619 498 1703 effundens,
522 1619 625 1686 addit
646 1614 911 1701 δακρυσίστακτα
934 1640 1005 1708 quo
1029 1621 1179 1686 lacrimas
1194 1621 1286 1702 οιιοσί
1302 1624 1412 1703 pattas
1433 1619 1502 1684 stil-

324 1731 391 1796 lare
418 1731 650 1817 exprimatur.
697 1729 801 1801 Idem
827 1732 901 1798 iam
931 1730 1045 1798 multo
1080 1730 1284 1798 distinctius
1312 1728 1501 1815 Sophoclis

322 1861 450 1908 versus
474 1840 742 1918 demonstrate)
772 1829 911 1904 ἆστακτί
933 1836 1051 1922 λείβων
1072 1834 1209 1925 δάκρυον
1237 1823 1296 1902 ὧδ’
1321 1827 1501 1923 ὁδοιπορεῖ.

323 1950 420 2018 Nam
447 1955 566 2038 poeta,
598 1955 638 2017 ut
663 1952 763 2020 vocis
790 1947 922 2035 λείβειν,
954 1951 1050 2038 quod
1079 1955 1132 2018 est
1158 1953 1279 2036 guttas
1307 1949 1500 2042 effundere,
1593 1983 1595 1988 ·

324 2062 509 2129 notionem
531 2062 724 2146 genuinam
750 2065 890 2147 augeat,
914 2062 1017 2129 addit
1040 2049 1189 2128 ἆστακτί,
1228 2058 1367 2140 Quare
1389 2059 1439 2142 fit,
1461 2063 1503 2126 ut

324 2166 443 2254 λείβειν
465 2161 605 2235 ἀστακοὶ
629 2165 767 2254 δάκρυον
789 2172 980 2258 significet:
1004 2173 1148 2260 copiose
1163 2170 1381 2258 profundere
1397 2170 1501 2238 lacri=

323 2302 412 2350 mas.
458 2281 510 2350 Cf.
543 2283 698 2370 denique
720 2281 882 2350 Platonis
914 2284 1072 2365 verba:³)
1110 2275 1292 2364 λειβόμενον
1331 2269 1401 2344 ἀπὸ
1437 2281 1502 2343 τῶν

324 2382 426 2458 δστιῦν
448 2391 506 2456 καί
528 2386 657 2471 στιίζον.
680 2431 722 2439 -

292 2575 295 2579 .
409 2505 544 2588 Restat,
568 2508 608 2571 ut
622 2524 901 2572 commemorem
923 2505 1034 2572 aliam
1056 2506 1140 2587 vim,
1164 2524 1257 2592 quae
1276 2505 1399 2572 subest
1420 2504 1503 2570 voci

324 2612 506 2700 λείβεσθαι,
544 2614 693 2683 Praeter
709 2635 769 2683 eos
784 2615 894 2698 lecca,
917 2634 1007 2702 quos
1023 2615 1097 2684 iam
1113 2615 1226 2697 attuli,
1249 2615 1313 2682 ubi
1327 2609 1500 2694 λείβεσθαι

323 2727 415 2796 nihil
431 2727 531 2794 aliud
546 2726 736 2812 significat,
759 2727 830 2793 nisi
841 2728 983 2808 fundere,
1004 2726 1095 2794 tales
1110 2747 1253 2814 quoque
1268 2725 1502 2792 inveniuntur

322 2840 362 2906 in
393 2838 525 2925 quibus
557 2836 789 2922 agnoscenda
819 2840 873 2904 est
902 2837 1000 2903 notio
1029 2839 1163 2920 fluendi,
1199 2840 1240 2902 ut
1265 2835 1358 2902 verti
1387 2835 1503 2921 possit

324 2950 545 3030 contabescere,
568 2948 607 3015 id
630 2947 726 3034 quod
750 2949 883 3034 optime
904 2947 1107 3014 illustratur
1128 2967 1202 3014 non
1223 2951 1300 3013 tam
1315 2947 1365 3018 iis
1389 2946 1502 3032 scrip-

323 3064 443 3127 torum
466 3059 569 3141 locis,
597 3059 661 3126 ubi
683 3079 766 3126 oum
790 3059 901 3125 verbo
924 3057 1106 3141 δακρύοις)
1128 3059 1322 3127 coniuncta
1343 3060 1397 3124 est
1418 3076 1501 3138 vox,

324 3191 448 3258 quam,
480 3174 521 3237 ut
544 3169 751 3256 exemplum
773 3169 940 3251 afferam,
973 3190 1057 3236 cum
1088 3158 1208 3251 ἄλγεσι,
1255 3165 1307 3235 Of.
1335 3166 1499 3252 Euripid.

325 3281 449 3368 Suppl.
473 3301 524 3348 VS.
552 3285 646 3347 1119:
678 3278 804 3343 πολλοῦ
826 3274 865 3364 δὴ
886 3273 999 3363 χρόνον
1021 3271 1126 3366 ζώσης
1146 3273 1228 3360 μετὰ
1251 3273 1290 3363 δὴ
1311 3279 1316 3358 Ι
1335 3275 1501 3340 Καταλει-

324 3389 465 3474 βομὲνας
487 3379 517 3454 τ’
533 3381 644 3475 δ’λγεσι
668 3389 815 3466 πολλοῖς.
824 3391 848 3472 ⁵)

411 3503 477 3570 Vis
514 3498 691 3570 translata
726 3503 765 3568 in
802 3502 914 3570 altero
952 3522 1094 3588 quoque
1127 3501 1239 3568 verbo
1276 3499 1416 3568 libandi
1446 3500 1502 3566 in·

325 3616 477 3698 venitur,
508 3616 547 3680 in
569 3611 736 3694 σπένδειν,
768 3613 832 3680 sed
854 3613 1094 3699 premendum
1117 3631 1195 3679 esse
1218 3614 1318 3698 put,o
1268 3610 1416 3677 thoc
1443 3629 1502 3676 ra-

324 3726 467 3792 rissime
490 3727 524 3792 et
553 3727 635 3810 post
620 3724 813 3790 terioribus
841 3723 987 3790 demum
1009 3723 1233 3808 temporibus
1255 3721 1391 3789 factum
1414 3739 1501 3788 esse

323 3836 422 3903 Nam
443 3834 533 3901 haec
557 3853 628 3900 vox
654 3833 767 3900 multo
731 3833 938 3918 tlongius
965 3833 1112 3920 propria
1135 3833 1288 3916 vestigia
1314 3832 1500 3916 religionis

414 4040 432 4102 ¹)
451 4037 583 4090 Prometh.
602 4054 639 4089 vs.
658 4037 710 4090 400
728 4053 785 4106 sqq,

411 4142 431 4206 4)
451 4138 577 4208 Oedipod.
596 4137 685 4193 Colon.
704 4156 742 4192 vs.
762 4139 835 4192 1251.

411 4242 516 4309 ³)rim.
536 4261 561 4311 p.
579 4241 664 4296 821)

410 4343 487 4406 4)ολ
506 4344 625 4414 Euripid.
643 4343 771 4398 Androm.
786 4360 822 4396 vs.
842 4343 899 4396 532.
928 4343 1002 4396 Arist
990 4343 1061 4412 to.ph
1084 4343 1172 4412 aquic.
1191 4360 1227 4396 vs
1247 4343 1305 4396 327.

334 4497 337 4502 .
412 4445 488 4512 ⁵).ss
507 4444 641 4515 Aristoph
660 4445 749 4514 Equit.
769 4462 805 4498 vs.
824 4445 881 4499 327.
