3316 5200
663 477 876 541 ..35-

177 659 330 748 κέκληκεν
350 650 442 725 οὐδὲν
456 655 655 743 ἕργονέσσίν,
679 650 784 740 οἶμαι,
807 653 939 737 κύλικος
954 657 1027 725 οὐδὲ
1050 654 1208 746 οἰνοχόης,
1234 648 1307 724 ἀλλ’
1327 653 1364 724 αἱ

178 778 319 838 Μοῦσαι
345 764 504 855 καθάπερ
530 778 674 857 κρατῆρα
706 765 866 858 νηφάλιον
892 768 925 835 ἐν
954 767 1044 856 μέσην
1073 767 1282 854 προθέμεναι
1308 764 1364 836 τὸν

177 877 274 968 λόγον
298 933 529 949 ........
685 881 741 951 De
769 883 947 951 sacrificio
975 882 1236 970 Mnemosynae
1266 883 1362 951 facto

177 995 346 1063 videatur
367 994 554 1081 inscriptio
577 993 733 1060 tabellae
755 993 949 1060 marmoris
973 994 1141 1079 pentolici
1162 993 1284 1061 Piraei
1307 1014 1362 1060 re-

175 1109 290 1192 perta,
312 1106 377 1173 ubi
398 1105 632 1171 inveniuntur
654 1103 744 1171 haec
767 1104 931 1186 verba¹):

506 1225 611 1316 Ἡλίην
635 1221 794 1316 ἆρεσσῇρα
816 1227 941 1319 κηρίον·

510 1342 710 1429 Μνημοσύνη
734 1329 904 1428 decorior·
917 1339 1043 1429 κηρίον·

488 1447 630 1539 νηφάλιο
652 1455 737 1537 τρεῖς
758 1450 877 1536 βωμοί.

266 1581 399 1663 Quales
421 1583 555 1650 fuerint
575 1582 735 1670 liquores
750 1582 866 1649 Musis
889 1583 992 1650 effusi
1007 1603 1081 1649 non
1104 1583 1270 1666 traditur,
1292 1583 1364 1650 nisi

177 1715 251 1761 uno
275 1694 365 1778 loco,
389 1693 488 1781 apud
509 1693 739 1760 Theocritum
762 1693 873 1779 (idyll.
898 1693 924 1760 I.
951 1696 1038 1777 143),
1061 1694 1126 1760 ubi
1146 1693 1204 1762 lac
1226 1693 1363 1762 libatur

177 1805 303 1872 Musis.
350 1803 529 1873 Contendi
550 1824 655 1891 posse
678 1824 821 1887 censeo,
848 1825 923 1871 non
951 1825 1092 1892 semper
1114 1805 1262 1872 eosdem
1284 1824 1362 1873 esse

178 1916 361 1984 adhibitos
370 1916 540 2002 liquores,
556 1917 684 1982 utiam
700 1917 736 1982 in
752 1915 931 1983 furiarum
945 1915 1180 1983 libaminibus
1197 1914 1362 1982 animad-

180 2028 367 2109 vertimus;
403 2026 468 2093 sed
503 2046 569 2113 pro
601 2030 697 2094 certo
729 2025 940 2094 habendum
973 2029 1039 2108 est,
1076 2026 1148 2093 mel
1179 2030 1214 2094 et
1239 2026 1298 2094 lac
1328 2028 1363 2092 et

177 2139 331 2206 fortasse
354 2137 474 2204 oleum
500 2137 538 2203 iu
560 2157 629 2203 usu
651 2137 771 2204 fuisse.
817 2139 965 2218 Aquam
992 2157 1135 2224 quoque
1159 2137 1363 2204 admixtam

177 2269 257 2317 esse
280 2248 339 2316 his
353 2248 544 2316 Musarum
565 2248 801 2315 libationibus
823 2247 1013 2315 Plutarchi
1038 2247 1118 2316 loco
1142 2248 1362 2334 probatur,²)

177 2361 243 2430 ubi
264 2361 398 2427 mentio
421 2360 463 2426 fit
487 2359 614 2446 templi
634 2359 825 2426 Musarum
852 2359 912 2426 siti
933 2379 1045 2446 prope
1071 2358 1222 2440 fontem,
1246 2380 1265 2427 e
1289 2379 1361 2445 quo

178 2486 276 2554 aqua
296 2471 514 2539 libationum
535 2470 782 2538 hauriebatur.
799 2507 839 2514 -
863 2468 936 2538 Sed
959 2473 1101 2537 exstant
1123 2469 1204 2554 loci,
1228 2471 1361 2557 quibus

177 2582 343 2665 traditur,
374 2585 410 2649 et
439 2581 555 2648 Musis
587 2584 622 2648 et
643 2580 903 2667 Mnemosynae
934 2581 1062 2647 vinum
1090 2580 1246 2649 libatum
1273 2601 1359 2649 esse.

178 2692 328 2761 Praeter
351 2694 474 2760 omnia
494 2692 647 2759 Pindari
669 2693 814 2773 verbai)
835 2690 906 2758 hoo
927 2690 1089 2758 firmant:

431 2814 614 2896 (θάλλοντος
637 2808 760 2903 ἀνδρῶν
781 2808 825 2895 ὡς
847 2808 900 2884 ὅτε
922 2812 1108 2899 συμποσίου

306 2989 310 3000 ,
427 2930 572 3015 δεύτερον
593 2931 740 3016 κρατῆρα
766 2924 942 2994 Μοισαίων
962 2927 1084 3012 μελέων

426 3036 608 3122 κίρναμεν.
632 3096 639 3109 .
665 3096 671 3107 .
697 3096 704 3109 .

264 3180 368 3247 Idem
382 3179 543 3246 referunt
557 3176 775 3246 Plutarchus
783 3183 807 3260 4)
830 3182 866 3244 et
879 3177 1100 3262 Athenaeus
1107 3176 1132 3260 ⁵)
1156 3180 1219 3265 qui
1234 3179 1361 3245 vinum

178 3292 333 3360 libatum
348 3309 427 3357 esse
446 3293 480 3356 et
495 3289 611 3356 Musis
626 3291 661 3356 et
675 3288 934 3375 Mnemosynae
950 3289 1150 3356 confirmat.
1196 3287 1269 3357 Sed
1285 3308 1361 3355 om-

178 3403 287 3470 nibus
317 3399 375 3467 his
405 3399 495 3468 locis
518 3421 592 3467 non
622 3400 666 3468 de
688 3401 910 3468 caerimonia
940 3399 1111 3484 religiosa
1133 3400 1271 3468 dictum
1298 3404 1361 3482 est,

179 3513 244 3580 sed
267 3513 311 3579 de
335 3513 512 3594 convivio,
536 3532 646 3598 quam
669 3499 894 3598 rem'postea
916 3531 981 3577 suo
1004 3511 1084 3578 loco
1107 3513 1265 3595 tangam.

181 3708 231 3721 w
264 3623 320 3690 De
350 3622 595 3710 nympharum
625 3622 861 3691 libaminibus
892 3643 965 3689 non
1000 3622 1156 3690 multum
1186 3621 1362 3689 traditum

179 3739 242 3803 est.
288 3734 438 3802 Praeter
461 3733 695 3800 Polemonem
725 3733 820 3800 hanc
850 3754 928 3800 rem
960 3734 1118 3799 breviter
1150 3732 1362 3819 perstringit

178 3846 425 3928 Pausaniasl)
449 3844 630 3911 disserens
650 3844 695 3910 de
709 3843 875 3911 Eliorum
891 3845 1063 3911 cultibus:
1086 3835 1204 3923 μόναις
1227 3839 1263 3905 δὲ
1286 3843 1361 3916 ταῖς

269 4019 287 4078 ¹)
306 4014 382 4085 Corp-
400 4015 479 4067 inscr.
499 4015 566 4066 attic
591 4014 638 4067 11.³
657 4031 698 4066 no.
720 4014 794 4069 1651.

266 4102 287 4167 ²)
305 4101 397 4155 moral.
415 4099 468 4153 402
487 4099 514 4154 C.
533 4123 566 4140 =
585 4098 617 4153 de
634 4098 746 4166 Pythiae
764 4100 858 4152 oracul.
880 4101 919 4152 17.

264 4185 286 4252 ³)
305 4185 400 4239 Iethm.
419 4182 452 4236 V.
471 4183 539 4249 (Vl).
558 4200 595 4236 vs.
616 4183 657 4236 12.

265 4273 286 4338 s.)
304 4273 395 4327 moral.
415 4291 440 4342 p.
461 4272 511 4325 164
528 4272 553 4324 Ι)
572 4295 605 4313 =
624 4272 696 4340 Sept.
716 4288 771 4341 sap.
791 4288 861 4324 conv.
881 4271 921 4323 21.
941 4277 1006 4323 extr.

265 4361 287 4416 ⁵)
304 4357 350 4410 Xl.
368 4375 393 4428 p.
412 4357 463 4411 503
481 4357 510 4410 F.

265 4447 287 4508 ¹¹)
305 4441 338 4494 V.
358 4445 398 4497 15.
417 4445 442 4496 6.
