3316 5200
642 480 852 544 ..61-

443 654 523 748 Ἑγαί
545 651 579 726 δ’
592 658 672 744 έηων
694 657 849 748 σκύπφον
868 652 1011 748 Ἐρξίωνι

443 775 490 860 τῷ
512 767 698 861 λευκολόφῳ
720 769 837 856 μεστίν
859 771 1017 852 ἐξέπινον.

159 923 196 953 ·-
222 893 295 968 οίντί
326 904 384 969 τοῦ
410 899 602 988 προέπινον.
634 897 753 987 κυρίως
783 896 844 987 γάρ
874 899 945 967 έστι
971 903 1069 967 τοῦτο
1095 896 1273 986 προπίνειν
1297 895 1338 966 τδ

157 1010 249 1101 ἑτέρην
277 1009 343 1099 πρδ
371 1009 490 1078 ἑαυτοῦ
519 1014 635 1078 δοῦναι
666 1015 767 1077 πιεῖν.
795 1010 854 1076 καί
878 1002 895 1077 ὃ
915 1005 1088 1089 Ὀδοσσεδς
1114 1009 1151 1077 δέ
1172 1007 1268 1097 παρὰ
1290 1013 1338 1098 τῷ

154 1116 279 1214 Ὁμήρῳ
301 1126 343 1213 τῇ
365 1163 407 1173 -
427 1113 551 1212 ’Λρήτη
572 1113 604 1188 δ’
616 1121 650 1188 ἐν
670 1122 760 1208 χερσί
781 1119 873 1189 τίθει
896 1122 1003 1201 δέπας
1026 1113 1273 1210 ἄμφικίπιλλον
1297 1162 1336 1172 -

155 1236 208 1302 καί
229 1236 262 1302 ἐν
282 1226 403 1301 Ἰλιάδι
423 1274 458 1282 -
484 1229 700 1322 Πλησοίμενος
721 1225 754 1299 δ>
767 1229 870 1301 οίνοιο
892 1233 998 1313 δέπας
1019 1225 1156 1301 δείδεκτ’
1179 1224 1336 1319 >Αηιλλῆα

156 1389 194 1400 -
221 1348 422 1436 πληροῦντες
452 1341 513 1432 γὰρ
540 1343 722 1431 προέπινον
750 1338 903 1434 ἀλλήλοις
928 1341 1013 1430 μετοί
1040 1341 1335 1433 προσαγορεύσεως.

237 1485 364 1566 Neque
387 1484 506 1551 solum
521 1484 618 1576 ,haee
640 1505 715 1552 una
741 1485 955 1554 acclamatio
984 1484 1240 1568 adhibebatur3
1272 1485 1338 1554 sed

153 1598 277 1682 fiebat,
304 1598 411 1680 ntis,
435 1597 496 1677 qui
519 1596 565 1663 ab
589 1596 660 1664 alio
685 1595 887 1683 appellatus
911 1596 959 1664 ad
985 1596 1185 1663 bibendum
1206 1616 1338 1683 provo-

155 1709 319 1792 cabatur,
349 1707 461 1774 alium
485 1707 697 1793 appellaret,
728 1711 769 1774 ut
796 1707 965 1793 deinceps
987 1706 1049 1775 ille
1076 1706 1205 1774 eodem
1226 1707 1336 1774 modo

154 1820 327 1906 pergeret.
374 1816 426 1885 Cf.
450 1817 617 1885 Alexidis
640 1818 835 1897 versum:¹)

470 1938 477 1961 Ι
606 1937 615 1961 Ι
691 1933 700 1958 )
748 1944 753 1964 ς
832 1933 842 1959 )
876 1933 885 1957 λ
916 1939 924 1962 x
974 1937 988 1960 r!

421 1966 524 2030 τοοτην
547 1948 713 2028 προπιδ,
737 1946 791 2008 λνα
814 1968 944 2022 κοντος
966 1944 1063 2030 αλλην,
1125 1997 1127 2003 .

153 2075 191 2143 id
221 2075 319 2156 quod
340 2073 591 2156 Plutarchus)
622 2094 759 2155 qnoque
791 2073 938 2142 firmare
965 2074 1122 2158 videtur,
1154 2076 1215 2155 qui
1246 2073 1336 2143 haec

153 2185 272 2254 refert:
296 2185 354 2250 τοῦ
376 2181 412 2249 δὲ
426 2181 629 2270 Περιάνδρου
652 2185 698 2269 τῷ
723 2179 849 2248 Χίλωνι
871 2179 1076 2267 προπίοντος
1096 2173 1256 2269 εὐμεγέθη
1277 2178 1336 2248 κέ-

153 2295 238 2380 tina,
261 2296 308 2380 τῷ
330 2292 367 2359 δὲ
381 2291 500 2360 Βίαντι
523 2296 581 2360 τοῦ
596 2290 745 2372 Χίλωνος
762 2287 923 2380 ’Ἀρδαλος
945 2286 1000 2360 ἐπ’
1026 2283 1195 2371 ἇναστοίς.
1285 2351 1292 2364 .

238 2406 383 2506 Quare
406 2407 637 2475 considerata
658 2408 695 2474 in
717 2411 876 2475 mentem
898 2409 1006 2490 venit,
1031 2407 1129 2475 hunc
1151 2426 1259 2474 nsum
1282 2409 1337 2474 in-

153 2519 269 2586 veniri
282 2519 321 2586 in
338 2517 463 2587 Sosiae
479 2517 639 2601 vasculo,
663 2518 834 2599 quoniam
848 2518 982 2604 Apollo
998 2518 1157 2585 Dianam
1178 2518 1338 2605 appellat

155 2630 269 2710 (iuxta
277 2628 429 2697 Vestam
440 2628 647 2711 sedentem),
663 2647 753 2709 quae
762 2629 844 2714 ipsa
852 2627 1045 2695 exclamat:
1059 2628 1256 2693 ΑΟΦΙΤΡΙ
1259 2634 1334 2696 ΤΑ.

238 2739 311 2810 Sed
326 2759 401 2807 non
421 2740 540 2808 solum
554 2758 634 2806 mos
650 2741 749 2822 erat,
763 2741 804 2805 ut
825 2757 957 2805 nomen
980 2738 1238 2826 appellaretur,
1271 2737 1335 2808 sed

153 2854 192 2917 ut
212 2851 469 2938 propinaretur
492 2850 539 2916 ad
562 2853 699 2918 certam
720 2870 798 2917 rem
825 2849 1037 2936 optandam,
1064 2853 1105 2916 ut
1127 2851 1335 2934 amicitiam,

152 2961 190 3029 id
220 2961 317 3043 quod
350 2981 433 3028 oum
459 2981 504 3028 ex
531 2961 655 3028 multis
681 2960 776 3044 aliis,
807 2964 886 3027 tum
916 2981 960 3028 ex
983 2959 1184 3044 Alexidis³)
1212 2962 1334 3030 verbis

152 3073 417 3158 cognoscimus:
441 3071 498 3157 τῆς
520 3066 717 3155 φιλοτησίας
739 3063 800 3153 ἕνα)
821 3069 944 3151 μεστὰς
960 3066 1115 3154 προπίνω
1131 3060 1161 3154 y'
1176 3065 1249 3136 ἴσον
1270 3065 1334 3156 ίσῳ

152 3178 360 3266 κεκραμένας.

236 3291 344 3375 Quod
369 3295 421 3361 ita
446 3295 484 3361 in
511 3312 580 3360 usu
606 3293 718 3360 fuisse
746 3297 900 3377 constat,
933 3298 973 3360 nt
1003 3295 1190 3380 poculum,
1222 3314 1334 3376 equo

150 3404 249 3474 hunc
258 3405 424 3473 libabant
433 3407 559 3492 potum
574 3406 759 3488 convivae,
776 3399 954 3491 φιλοτησία
969 3405 1208 3489 vocaretur.)
1230 3405 1334 3472 Alias

151 3536 290 3599 quoque
314 3534 371 3583 res
386 3516 599 3602 propinasse
614 3516 788 3583 convivas
810 3515 908 3584 idem
927 3514 1086 3597 Alexim)
1109 3518 1249 3603 probat,
1273 3518 1333 3597 qui

150 3626 259 3696 huius
283 3627 502 3707 quaestionis
525 3626 765 3709 gravissimus
788 3627 924 3694 exstitit
945 3628 1059 3694 testis:

239 3849 258 3914 ¹)
275 3847 356 3905 Kock.
373 3847 408 3902 11.
427 3865 451 3917 p.
471 3847 530 3906 315.
548 3864 573 3900 n.
593 3847 634 3902 53.

236 3953 257 4016 ²)
276 3951 366 4005 moral.
384 3968 410 4020 p.
431 3951 486 4006 155.
507 3951 535 4004 Ε.
555 3974 588 3993 -
606 3953 673 4019 sept
693 3967 747 4020 sap.
767 3968 839 4006 conv.
860 3951 899 4005 13.

237 4055 257 4122 ³)
276 4054 357 4109 Kock.
376 4053 414 4107 11.
431 4073 456 4125 p.
474 4054 532 4109 317.
552 4073 577 4108 n.
596 4054 637 4110 58.

236 4161 258 4223 ⁴)
277 4157 315 4214 cf.
335 4157 454 4212 Alexidis
472 4159 504 4212 fr.
523 4158 615 4224 (Koclr.
635 4157 669 4210 ΙΙ.
687 4176 713 4227 p.
731 4159 782 4213 402
806 4177 831 4212 n.
851 4159 921 4222 291.)

461 4263 637 4332 φιλοτησίαν
665 4277 712 4316 σοι
740 4257 816 4332 τήνδ’
848 4257 906 4332 ἐγὼ

461 4345 519 4421 ἰδίη
537 4365 569 4402 τε
588 4347 637 4401 καί
655 4350 741 4416 κοινῇ
759 4343 863 4402 κύλικα
881 4348 1054 4417 προπίομαι.

239 4450 259 4516 ⁵)
277 4449 357 4504 Koclr.
377 4449 410 4504 11.
430 4468 455 4520 p.
473 4449 531 4504 336.
550 4467 577 4504 n.
597 4449 653 4503 111.
673 4448 725 4519 (ap.
743 4449 841 4504 Athen.
862 4447 908 4504 Vl.
926 4468 951 4520 p.
964 4450 1022 4504 254
1040 4450 1095 4512 A).
