3316 5200
678 469 888 532 ...15-

186 659 338 724 oietmebr
359 661 426 739 dur,
448 657 583 739 waauf
599 681 632 725 es
654 658 823 723 aulcommt.
864 657 937 723 Das
960 657 1060 740 Opfer
1080 660 1124 722 ist
1145 658 1260 722 dorum
1282 662 1378 722 etwas

188 770 437 853 νερεῑνκδεείοεε,
460 770 531 836 weil
552 771 609 836 der
630 769 764 835 Meuscb
786 770 842 834 der
862 775 961 834 steten
981 768 1192 852 Εννευενιικρ
1209 769 1298 850 jener
1316 765 1379 834 Ge-

190 881 377 963 meinscbuft
407 884 459 946 uic
485 881 652 947 cuttebreu
679 882 777 955 Ῑιοκννς
810 885 868 945 das
903 879 1034 947 Weibeo
1060 881 1105 944 ist
1131 886 1228 945 etwas
1254 899 1377 944 οαεεεν-

186 992 398 1057 ordeutttcbes
422 1041 582 1058 ......

275 1119 383 1187 Hanc
411 1120 712 1188 consuetudinem
739 1073 961 1187 cotidianam
985 1117 1211 1186 Graecorum
1238 1117 1377 1185 sacrifi·

190 1232 256 1298 ciis
286 1231 455 1315 infuisse,
493 1251 512 1298 e
542 1231 667 1298 multis
702 1231 792 1299 locis
823 1229 1029 1297 litterarum
1064 1228 1219 1314 intelligi
1249 1231 1374 1315 potest.

189 1341 231 1408 E.
254 1361 288 1427 g.
313 1342 356 1410 cf.
379 1342 532 1410 Homeri
554 1342 594 1410 Il.
619 1342 659 1409 A.
683 1361 734 1409 vs.
758 1347 831 1409 422.
856 1345 884 1409 3.

319 1481 401 1562 Ζευς
422 1480 483 1571 γὰρ
506 1480 539 1563 ἐς
558 1475 711 1551 Ὠκεανὸν
732 1473 804 1567 μετ’
830 1473 1000 1566 ἀμύμονας
1011 1479 1223 1570 Αἰθιοπῆας

318 1591 435 1676 χθιζὸς
456 1592 513 1684 ἔβη
536 1591 624 1662 κατὰ
647 1597 761 1661 δαῖτα·
785 1592 862 1661 θεοί
884 1584 912 1660 δ
925 1585 994 1676 δίμα
1017 1587 1139 1670 πάντες
1161 1591 1292 1660 ἕποντο.

275 1743 354 1810 Iam
386 1743 590 1812 evidentius
621 1743 712 1811 haec
744 1763 802 1810 res
830 1743 1100 1811 demonstratur
1121 1741 1249 1810 Hiadis
1280 1742 1375 1810 loco:

196 1856 235 1916 Ψ.
259 1874 311 1921 vs.
336 1858 408 1936 207,
431 1874 503 1940 quo
526 1854 596 1922 Iris
619 1875 657 1922 se
680 1855 863 1922 abituram
886 1874 964 1922 esse
989 1855 1089 1922 dicit:

494 1998 549 2062 ἵνα
572 1994 612 2085 δὴ
634 1996 693 2062 καί
713 1994 960 2080 μεταδαίσομαι
983 1999 1069 2080 ibor.

277 2142 395 2224 Quam
409 2142 635 2212 Graecorum
645 2145 852 2231 opinionem
866 2147 964 2212 recte
980 2146 1158 2232 expressit
1166 2143 1376 2212 Athenaeus

187 2254 268 2336 (363
285 2255 338 2337 d):
370 2249 410 2320 Oi
434 2244 462 2318 δ’
488 2243 620 2336 ἀρχαῖοι
642 2253 701 2318 καί
722 2249 797 2331 τοδς
818 2249 918 2331 θεοδς
945 2243 1207 2340 ἀνθρωποειδεῖς
1229 2243 1377 2338 ὑποστη-

191 2357 327 2446 σοίμενοι
349 2361 407 2428 καί
430 2360 472 2428 τοὶ
494 2362 572 2448 περὶ
594 2359 654 2441 τὰς
680 2359 794 2450 ἓορτδς
815 2362 983 2445 διέταξαν,
1015 2355 1148 2451 δρῶντες
1170 2358 1231 2450 μδρ
1253 2353 1298 2440 ὡς
1320 2363 1377 2450 τῆς

186 2472 247 2556 μὲν
277 2472 337 2539 ἐπί
368 2470 428 2553 τὰς
459 2464 663 2553 ἀπολαύσεις
694 2465 795 2563 ὁρμῆς
826 2466 882 2558 οὐχ
909 2467 979 2543 οἷόν
1010 2500 1044 2542 τε
1070 2471 1145 2554 τοὺς
1173 2465 1376 2560 ἀνθρώπους

188 2574 396 2673 ἀποστῆσαι,
423 2579 580 2673 χρήσιμον
601 2583 717 2651 δὲκαὶ
739 2585 904 2674 συμφέρον
925 2591 996 2666 τοῖς
1022 2582 1186 2665 τοιούτοις
1213 2576 1375 2661 εὐτάκτως

188 2694 247 2760 καί
269 2692 414 2779 κοσμίως
429 2692 555 2777 ἐθίζειν
569 2699 726 2784 χρῆσθαι,
746 2693 860 2779 χρόνον
879 2688 1095 2784 ἀφορίσαντες
1110 2697 1169 2764 καί
1190 2701 1260 2775 τοῖς
1281 2699 1376 2778 θεοῖς

188 2801 435 2892 προθύσαντες,
474 2797 557 2872 οὕτω
586 2809 742 2894 μεθῆκαν
774 2797 892 2885 αὖτοὺς
922 2805 969 2884 εἰς
1001 2801 1122 2889 ἀνεσιν,
1160 2800 1205 2874 ἵν’
1238 2807 1375 2885 ἕκαστος

187 2906 381 3004 ἡγούμενος,
412 2908 501 3004 ἥκειν
530 2913 606 2995 τοδς
627 2914 725 2996 θεοὺς
755 2917 814 2984 ἐπὶ
844 2915 924 2996 τυίς
956 2909 1161 3007 ἀπαρχὰς
1190 2921 1266 2988 καί
1297 2921 1375 3004 τὰς

188 3024 423 3110 σπονδδςῑ)
445 3024 528 3111 μετὰ
551 3025 664 3107 αἰδοῦς
684 3025 744 3117 τὴν
767 3027 941 3096 συνουσίαν
963 3034 1114 3118 ποιῆται.

274 3156 414 3239 Quibus
442 3160 479 3225 in
503 3159 624 3226 verbis
650 3160 731 3246 ipsa
758 3162 980 3229 consuetudo
1009 3158 1164 3226 συνουσία
1187 3168 1372 3251 premitur,

187 3271 292 3336 cuius
315 3271 461 3354 signum
484 3270 705 3338 sacrificium
726 3270 937 3339 habendum
960 3277 1022 3340 est.

274 3395 354 3478 Qua
385 3419 424 3464 re
457 3398 602 3482 cognita
633 3399 750 3464 multa
775 3398 882 3468 facile
910 3400 1162 3486 intelliguntur
1193 3424 1266 3470 non
1296 3408 1373 3472 tam

187 3507 368 3590 sacrificii,
392 3528 502 3595 quam
524 3508 722 3592 libationis
751 3530 844 3596 quae
868 3532 941 3598 qua
962 3513 1102 3579 ratione
1130 3513 1176 3580 sit
1198 3513 1371 3598 adhibita,

187 3638 285 3685 nunc
316 3618 440 3704 paullo
477 3619 683 3686 accuratius
714 3625 991 3705 perscrutemur.
1045 3621 1152 3702 Quod
1186 3627 1226 3689 ut
1262 3645 1373 3711 quam

188 3730 320 3816 optimo
344 3729 565 3816 perficiatur,
588 3731 627 3796 in
653 3731 724 3797 tria
746 3733 867 3818 capita
889 3733 1107 3800 distribuam
1128 3733 1223 3802 hanc
1249 3736 1371 3822 dispu-

186 3840 360 3907 tationem
383 3844 418 3906 et
444 3841 604 3926 primum
625 3840 715 3907 mihi
744 3843 954 3910 tractandae
978 3849 1062 3910 sunt
1084 3865 1147 3912 eae
1169 3845 1371 3929 libationes,

186 3969 278 4036 quas
302 3951 500 4018 offerebant
521 3951 686 4018 homiues
711 3952 797 4021 deis.

279 4140 298 4194 ¹t
316 4137 388 4190 Haec
406 4138 485 4191 verba
503 4138 537 4190 iis
555 4138 619 4191 locis
638 4138 760 4192 addenda
777 4143 847 4205 sunt,
866 4158 930 4210 quos
949 4159 1029 4211 supra
1051 4142 1162 4211 protuli,
1185 4161 1244 4196 cum
1267 4143 1300 4197 de
1317 4145 1372 4213 prl-

187 4222 271 4276 mitiis
289 4222 412 4275 libationi
430 4223 576 4276 coniunctis
595 4223 735 4295 disputavi.
