3316 5200
818 475 1029 538 ,6η-

540 663 622 738 Παῖ,
645 653 703 745 τὴν
723 653 864 745 μεγάλην
887 653 951 739 δός,
975 657 1119 741 ὑποχέας

538 765 654 856 φιλίας
674 764 821 847 κυάθους
841 768 901 852 μὲν
922 783 988 834 τῶν
1008 766 1183 856 παρόντων
1204 770 1375 859 τέτταρας,

539 877 613 956 τούς
635 884 721 964 τρεῖς
742 870 894 964 δ’ἔρωτος
916 877 1196 966 προσαποδοίσεις
1217 875 1362 968 ὕστερον·

538 987 573 1056 ἓν
592 981 779 1074 Ἀντιγόνου
799 993 859 1057 τοῦ
880 989 1044 1075 βασιλέως
1066 989 1157 1080 νίκης
1178 995 1297 1074 καλῶς,

539 1101 677 1168 καὶτοῦ
698 1098 866 1168 νεανίσκου
887 1097 1018 1168 κόαδον
1040 1101 1240 1190 Δημητρίου.

540 1212 618 1300 φέρε
639 1209 696 1279 τὸν
717 1209 826 1298 τρίτον
849 1263 1083 1279 ........

543 1321 650 1402 Φίλας
669 1315 882 1411 Ἀφροδίτης·
908 1315 1032 1409 χαίρετ>
1058 1316 1171 1410 όνδρες
1193 1321 1363 1408 συμπόται

539 1427 625 1501 ὅσιον
648 1425 785 1520 ἀγαθῶν
805 1431 864 1523 την
886 1430 1004 1500 κύλικα
1027 1433 1148 1524 μεστὴν
1169 1433 1305 1520 πίομαι.

420 1574 515 1642 Aliis
537 1574 696 1642 convivii
717 1574 881 1640 moribus
896 1574 1050 1658 emissis,
1073 1577 1115 1640 ut
1128 1555 1242 1658 ’κύκλῳ
1263 1571 1380 1655 πίνειν,
1391 1578 1420 1660 ¹)
1444 1577 1524 1647 Cri-

335 1684 440 1768 tiae²)
463 1704 590 1752 versus
613 1683 778 1766 afferam,
802 1685 957 1765 quinon
979 1684 1115 1752 nullius
1138 1689 1314 1754 momenti
1336 1688 1521 1773 videntur,

333 1798 508 1884 primum,
536 1795 632 1877 quod
654 1815 699 1863 ex
721 1795 794 1863 illis
817 1795 947 1878 elucet,
974 1797 1194 1882 propinandi
1216 1799 1522 1868 consuetudinem

333 1927 408 1975 non
429 1907 594 1974 floruisse
618 1906 716 1993 apud
738 1905 1058 1990 Laeedaemenins,
1080 1910 1169 1990 tum,
1194 1909 1290 1989 quod
1313 1929 1384 1990 quo
1408 1910 1522 1978 modo

334 2018 399 2084 fiat
420 2017 481 2085 hio
503 2037 591 2084 usus
615 2019 747 2104 optime
770 2017 986 2084 ilJustratur:

442 2159 500 2225 καί
522 2149 592 2226 τόδ’
617 2156 698 2237 ἕδος
719 2154 857 2246 Σπάρτῃ
880 2155 1042 2247 μελίτημοὶ
1064 2184 1099 2226 τε
1121 2155 1268 2244 κείμενόν
1289 2157 1369 2242 ἔστι,

488 2268 597 2336 πίνειν
618 2266 676 2358 τὴν
698 2266 798 2358 αὐτὴν
821 2264 995 2358 οἰνοφόρον
1015 2266 1135 2336 κύλικα

441 2372 519 2470 μηδ’
545 2371 800 2467 ἀποδωρεῖσθαι
822 2375 1010 2465 προπόσεις
1031 2371 1190 2467 όνομαστὶ
1212 2380 1347 2469 λέγοντα

489 2483 568 2581 μηδ’
593 2491 653 2558 ἐπὶ
676 2491 840 2578 δεξιτέραν
860 2497 952 2578 χεῖρα
974 2494 1111 2559 κοκλοῦν
1137 2489 1274 2560 Θασίου.

444 2597 543 2692 όίγγεα
568 2654 826 2674 .........

490 2713 548 2780 καί
570 2709 754 2801 προπόσεις
775 2705 898 2799 όρὲγειν
919 2713 1081 2795 ἐπιδέξια,
1103 2714 1162 2780 καί
1179 2717 1435 2801 προκαλεῖσθαι

584 2820 850 2912 ἐξονομακλήδην,
873 2812 899 2911 ᾦ
922 2829 1081 2908 προπιεῖν
1102 2822 1222 2892 ἐθέλει.

422 2973 490 3040 His
521 2975 631 3042 rebus
661 2974 833 3060 expositis
864 2976 988 3056 restat,
1020 2977 1060 3041 ut
1090 2973 1211 3041 dicam
1242 2974 1288 3041 de
1314 2975 1360 3041 iis
1391 2995 1521 3044 menu-

338 3086 483 3168 mentis‚
516 3085 561 3153 de
593 3085 722 3166 quibus
753 3103 972 3165 quamquam
994 3104 1060 3151 eur
1083 3083 1141 3151 dei
1166 3083 1379 3153 libationem
1406 3087 1521 3154 effun-

339 3197 428 3264 dant
448 3216 522 3262 nen
546 3215 688 3282 semper
710 3196 879 3263 accurate
900 3194 1179 3280 intelligendum
1200 3198 1262 3277 est,
1285 3197 1409 3264 tamen
1431 3217 1522 3265 non·

339 3307 441 3375 nulla
463 3326 537 3373 non
558 3307 664 3392 parvi
685 3307 860 3373 momenti
875 3305 1067 3373 statuenda
1082 3310 1174 3372 sunt.
1211 3306 1361 3373 Initium
1376 3310 1521 3394 eapiam

338 3419 385 3486 ab
418 3419 463 3485 iis
494 3417 673 3500 vasculis,
705 3437 813 3500 quae,
848 3416 1020 3503 pleraque
1050 3416 1173 3483 rubris
1203 3416 1332 3502 figuris
1368 3417 1520 3505 depicta,

338 3528 526 3597 Bacchum
541 3531 813 3615 repraesentant
827 3528 973 3608 eiusque
989 3528 1149 3595 comites.
1167 3563 1204 3573 —
1225 3527 1305 3594 Iarn
1315 3526 1522 3615 Stephani³)

338 3643 418 3709 iure
436 3641 575 3728 pressit,
598 3639 723 3705 multis
744 3638 834 3706 loeis
857 3638 1017 3705 dubitari
1031 3657 1148 3724 posse,
1171 3641 1294 3704 utrum
1316 3637 1445 3706 libatio
1468 3640 1521 3708 in-

339 3753 506 3820 veniatur
532 3770 660 3832 necne3
696 3770 783 3816 nam
805 3749 875 3816 hee
897 3748 1003 3815 facile
1024 3748 1104 3816 fieri
1132 3768 1275 3831 oense0,
1308 3749 1405 3829 quod
1438 3770 1521 3818 oan-

339 3863 481 3945 tharus,
510 3883 578 3944 quo
602 3861 679 3928 solo
702 3860 833 3947 poculo
857 3859 931 3927 fere
959 3873 1101 3946 semper
1122 3860 1236 3926 utitur
1258 3858 1442 3944 Bacchus,
1468 3860 1520 3928 illi

340 3974 408 4042 deo
430 3975 482 4040 ita
503 3974 550 4039 sit
572 3974 780 4055 attributus,
807 3973 848 4037 ut
871 3969 1063 4057 delphinus
1086 3969 1304 4056 Neptun0,⁴)
1333 3970 1408 4037 ah'a
1431 3971 1520 4039 aliis

341 4121 545 4128 .-...—.———-

430 4200 447 4263 ¹)
466 4199 506 4254 Cf.
524 4198 621 4253 Athen.
641 4215 665 4267 p.
685 4197 736 4251 503
753 4196 782 4249 F.
805 4197 857 4249 504
875 4195 904 4249 Α.

428 4286 449 4351 ²)
468 4301 508 4354 ap.
528 4283 624 4338 Athen.
643 4283 676 4336 X.
695 4281 746 4336 432
764 4281 796 4334 D.

427 4370 446 4434 ³)
464 4370 481 4423 l.
501 4387 522 4424 ο.
541 4387 566 4440 p.
586 4368 643 4421 224.

427 4457 449 4519 4)
468 4454 506 4510 cf.
525 4455 596 4508 Elite
614 4451 707 4507 ceram.
728 4451 776 4504 111.
796 4452 820 4505 7.
840 4452 863 4505 8.
885 4451 923 4504 19.
943 4450 983 4503 25.
