3316 5200
6 3546 27 3594 'tl

6 3661 26 3708 p

691 459 903 522 ..23-

204 643 357 710 effundit
380 643 427 710 ad
451 644 608 728 gratiam
630 643 860 711 referendam
880 665 945 730 pro
969 645 1122 711 victoria
1137 627 1390 712 Acamantidis

203 755 329 823 tribus.
341 755 362 835 ¹)
408 756 529 840 Atque
557 774 781 841 quamquam
808 754 981 841 pleraque
1009 755 1073 821 illa
1096 755 1264 836 vascula,
1297 776 1390 842 quae

204 865 276 933 huc
300 865 516 946 referuntur,
540 865 807 934 adolescentem
830 870 1020 933 exeuntem
1035 867 1217 952 praebere
1241 869 1390 948 constat,

204 981 327 1043 tamen
349 976 438 1043 talia
460 997 603 1063 quoque
627 979 779 1059 exstare,
804 997 897 1063 quae
912 977 1097 1046 illustrant
1119 979 1291 1063 temporis
1315 998 1391 1044 nro·
1451 991 1454 996 ’

204 1091 383 1169 mentum,
416 1108 487 1173 quo
514 1088 610 1155 redit
632 1088 844 1156 adolescens
871 1087 1154 1174 libationemqne
1178 1087 1282 1155 offert
1304 1089 1391 1170 deiS,

205 1207 246 1266 ut
267 1199 405 1283 gratias
429 1203 515 1283 agat
536 1219 601 1286 pro
623 1200 776 1268 victoria
798 1199 855 1267 vel
877 1199 974 1267 felici
989 1199 1108 1267 reditu
1128 1200 1297 1286 equidem
1320 1220 1391 1265 non

191 1330 344 1395 negem.
384 1309 424 1376 Ε.
442 1330 475 1395 g.
498 1310 540 1377 ef.
565 1312 664 1397 quod
687 1310 882 1378 delineavit
896 1309 1142 1392 Tischbein²):
1166 1310 1390 1380 Adolescens

205 1425 369 1488 armatus
392 1422 430 1487 in
446 1443 538 1507 equo
562 1423 692 1490 sedens
707 1421 851 1489 hastam
873 1425 979 1505 tenet,
1002 1423 1041 1489 in
1057 1443 1130 1508 qua
1144 1422 1251 1507 galea
1267 1422 1389 1489 adfixa

204 1536 272 1615 est,
305 1553 416 1619 quarn
446 1533 551 1599 illum
581 1534 780 1620 pugnando
812 1534 1028 1620 praedatum
1060 1553 1137 1600 esse
1164 1536 1270 1620 patet.
1325 1533 1392 1601 Cui

205 1645 475 1730 appropinquat
500 1644 646 1727 mulier,
678 1666 770 1731 quae
801 1649 967 1732 pateram
991 1645 1213 1712 adolescenti
1234 1646 1392 1730 praebet,

207 1757 247 1818 ut
268 1753 481 1822 libationem
504 1755 674 1824 effundat.
686 1759 712 1838 ³)

294 1864 367 1932 Sed
398 1886 470 1932 uon
503 1867 622 1933 solum
652 1870 692 1933 ut
722 1867 865 1934 felicem
888 1871 1059 1934 eventum
1081 1868 1253 1953 peterent,
1277 1867 1393 1952 prius-

207 1995 319 2062 quam
342 1977 480 2044 bellum
503 1978 561 2045 vel
583 1980 651 2045 iter
665 1978 953 2063 ingrederentur,
975 1978 1141 2045 libabant
1164 1975 1306 2059 Graeci,
1329 1976 1394 2043 sed

208 2087 318 2153 etiam
340 2090 382 2153 ut
398 2088 507 2156 deum
532 2094 757 2156 arcesserent
781 2090 828 2157 ad
851 2091 1029 2156 auxilium
1048 2089 1248 2156 ferendum.
1288 2087 1395 2156 Com-

207 2218 407 2266 memorem
429 2198 582 2268 Homeri
603 2200 730 2268 Iliadis
753 2201 921 2284 locum,⁴)
952 2202 1013 2268 ubi
1035 2200 1198 2268 Achilles
1222 2220 1244 2265 a
1267 2200 1394 2281 ventis

208 2309 327 2376 Borea
350 2313 385 2376 et
407 2311 582 2398 Zephyre,
613 2313 703 2398 petit
725 2312 892 2389 libando,
925 2317 965 2378 ut
996 2314 1119 2394 ignem
1146 2310 1291 2392 inflent,
1323 2330 1394 2396 quo

208 2419 416 2487 Patroclem
438 2426 623 2488 mortuum
646 2424 845 2490 comburat

294 2529 525 2600 Libationem
552 2554 624 2600 non
654 2533 773 2601 solum
796 2535 845 2602 ad
870 2534 1033 2600 futurum
1054 2537 1197 2618 tempus
1221 2536 1393 2618 spectare,

208 2641 273 2708 sed
296 2644 406 2709 etiam
428 2644 476 2710 ad
498 2646 734 2731 praeteritum
755 2647 829 2713 iam
853 2665 965 2731 supra
987 2645 1243 2711 demonstravi.
1286 2643 1395 2709 Nunc

210 2752 359 2837 quidem
380 2775 499 2841 pauca
522 2755 679 2823 dicenda
694 2760 778 2822 sunt
800 2756 845 2822 de
869 2755 978 2823 simili
994 2754 1135 2821 libandi
1158 2773 1300 2838 genere,
1324 2774 1395 2841 quo

12 2952 16 2967 f
210 2867 396 2956 piaculum
413 2867 470 2933 vel
492 2866 649 2933 lustrum
665 2867 852 2934 efficiatur.
892 2865 1032 2945 Quibus
1049 2865 1093 2932 de
1110 2865 1218 2931 rebus
1236 2865 1283 2932 ad
1303 2864 1395 2931 liba-

12 2963 20 2994 ‘'
207 2982 328 3046 tiones
361 2983 528 3064 spectans
561 2977 744 3062 Stengel⁵)
774 2976 866 3045 haec
897 2976 1046 3063 profert:
1093 2977 1155 3041 Ba¹
1188 2974 1396 3058 Sdhnopfcrn

56 3063 72 3078 α
209 3095 252 3156 ist
267 3092 327 3156 dus
346 3089 420 3155 Ticr
434 3089 652 3154 anerlc'issh'rh.
688 3088 784 3154 Deua
805 3110 868 3153 aar
890 3092 941 3154 ein
963 3088 1080 3154 colchos
1099 3090 1187 3152 hona
1209 3089 1259 3152 die
1277 3086 1397 3152 Schnht

210 3202 265 3266 des
291 3201 471 3283 Opscrnden
498 3201 562 3280 auf
580 3199 647 3266 rich
668 3199 799 3265 uchmcn
825 3201 893 3265 und
912 3201 1035 3265 siihnen
1062 3199 1129 3263 und
1154 3201 1200 3264 sic
1221 3199 1398 3264 sinderich

210 3313 262 3378 die
284 3314 426 3395 einaipen
451 3309 566 3393 Opfer,
599 3312 647 3376 bei
673 3312 772 3376 denen
798 3312 849 3376 die
873 3310 1019 3392 Sponden
1043 3331 1125 3393 pana
1151 3306 1273 3390 fehlen,
1298 3309 1398 3391 (nicht

206 3443 248 3486 zu
270 3421 473 3487 omwcrhseln
494 3425 538 3486 ist
559 3423 658 3486 dama
681 3423 731 3486 die
756 3421 934 3486 Ocremonie
957 3423 1006 3486 bei
1028 3422 1084 3485 der
1106 3419 1290 3503 Reinipunp
1312 3422 1398 3484 eines

211 3532 510 3614 Schuldbcfleolrteu‚
532 3534 641 3612 wobei,
669 3535 726 3598 wic
748 3537 806 3596 wir
826 3532 956 3615 praeben
977 3531 1093 3611 haben,
1120 3522 1266 3615 νηφάλια
1290 3531 1325 3594 in
1347 3530 1398 3594 dic

211 3643 361 3708 Flrrmme
377 3662 524 3727 pepossen
538 3644 688 3715 wadon).
724 3642 895 3709 Dubitari
916 3662 990 3708 non
1009 3643 1135 3728 potest,
1158 3641 1247 3726 quin
1269 3643 1309 3705 ut
1332 3638 1396 3706 ali-

210 3773 285 3840 qua
314 3772 373 3820 res
405 3755 589 3840 expietur,
626 3753 886 3838 posterioribus
923 3753 1146 3838 temporibus
1184 3750 1396 3838 plerumque

300 4016 319 4084 ¹)
337 4016 467 4072 Panolla:
486 4016 576 4071 Muse'e
595 4016 689 4071 Blacas
708 4017 726 4069 1.

300 4122 322 4185 ²)
340 4119 425 4176 Vases
443 4121 606 4175 d'Hamilton
625 4122 659 4175 II.
679 4123 719 4176 57.

298 4224 319 4290 ³)
338 4223 377 4280 Cf.
395 4225 547 4294 Millingen:
567 4226 651 4279 Pclnt.
670 4226 703 4279 de
722 4225 772 4280 div.
791 4227 849 4280 ooll.
868 4226 903 4296 pl.
922 4223 963 4278 47.
983 4224 1024 4278 48.

300 4327 321 4396 ⁴)
344 4330 379 4382 Ψ.
399 4329 449 4382 196
467 4345 524 4397 sqq.

300 4430 320 4496 ⁵)
338 4431 423 4485 Jahns
441 4428 534 4484 Jahrb.
555 4432 571 4483 f.
590 4427 736 4498 Philologie
757 4428 822 4483 1887
841 4447 864 4500 p.
884 4430 943 4482 652.
