3316 5200
772 479 981 541 -54..

288 663 329 728 ut
355 663 581 748 interpreter,
614 663 847 730 statuendum
874 681 952 730 6666
975 681 1118 743 661666,
1151 659 1320 744 Graecos,
1344 681 1473 748 quam-

289 792 400 858 quam
427 773 513 840 deos
540 793 613 839 non
637 794 762 842 omnes
785 774 913 842 eadem
937 773 1113 858 dignitate
1140 773 1322 858 praeditos
1347 773 1473 859 opina-

287 883 430 967 bantur,
453 884 539 951 Iove
555 885 593 950 in
616 904 740 952 omues
762 886 956 971 imperium
979 887 1130 967 tenente,
1154 887 1274 952 tamen
1297 903 1371 951 non
1394 887 1472 950 tam

289 992 358 1061 hoc
388 996 562 1076 sensisse,
598 1015 710 1081 quam
739 997 838 1082 ipsas
869 995 1060 1062 hominum
1091 994 1370 1062 eonsuetudines
1402 993 1473 1062 hae

289 1124 432 1191 quoque
465 1106 502 1171 iu
533 1125 571 1172 re
605 1105 680 1173 deis
707 1107 997 1192 1196611666.-
1019 1104 1156 1172 Mirum
1183 1105 1341 1186 videtur,
1374 1105 1474 1192 quod

289 1213 528 1302 Triptolemus
559 1215 770 1283 libationem
802 1216 955 1284 offerens
990 1236 1062 1283 non
1098 1217 1296 1298 invenitur,
1332 1217 1404 1283 nisi
1434 1217 1474 1282 in

289 1326 448 1394 vasculis
463 1326 584 1394 rubris
601 1326 729 1410 figuris
746 1327 906 1414 depictis,
928 1327 968 1393 id
984 1326 1082 1413 quod
1102 1326 1222 1393 etalio
1245 1326 1325 1394 1666
1349 1327 1473 1394 obser-

288 1437 457 1503 vavimus
471 1440 507 1504 et
521 1441 646 1523 postea
661 1437 982 1505 considerabimus
1020 1435 1153 1504 Nescio
1173 1455 1220 1502 an
1236 1437 1338 1503 initio
1356 1437 1474 1523 quinti

289 1545 422 1614 6.(1111.
443 1568 477 1614 n.
502 1548 640 1615 saeculi
661 1548 786 1615 libatio
809 1548 892 1635 plus
906 1547 1063 1615 valuerit
1083 1547 1122 1614 in
1145 1545 1371 1614 Graecorum
1395 1549 1473 1614 ani-

288 1657 372 1740 mis,
405 1677 517 1744 quam
539 1659 590 1725 616
612 1658 849 1745 temporibus,
876 1659 1009 1745 quibus
1030 1657 1183 1725 vascula
1204 1657 1321 1741 nigris
1343 1656 1473 1743 figuris

291 1769 434 1856 depicta
457 1773 549 1836 sunt.

374 1879 457 1962 Eos,
474 1881 537 1967 qui
553 1880 633 1946 aliis
648 1880 860 1948 libationem
873 1881 1090 1962 ministrant,
1106 1899 1213 1966 saepe
1223 1879 1345 1966 aliquo
1362 1879 1473 1946 modo

292 2011 376 2057 cum
399 1990 455 2058 his
478 2011 556 2058 6666
584 1992 795 2059 coniunctos
817 1992 877 2058 vel
903 1991 1091 2074 affinitate,
1124 1991 1183 2058 vel
1209 1991 1383 2073 amicitia,
1416 1990 1476 2057 vel

293 2102 414 2168 animo
437 2102 606 2187 propitio,
633 2122 708 2168 non
730 2102 849 2169 solum
874 2122 919 2168 ex
941 2103 985 2169 iis
1009 2102 1132 2184 rebus,
1160 2121 1252 2188 quas
1275 2101 1320 2169 de
1343 2101 1475 2168 Cerere

291 2212 436 2298 protuli,
460 2212 650 2279 sedetiam
664 2211 750 2280 hinc
771 2213 897 2294 elucet,
920 2212 1019 2298 quod
1033 2211 1201 2280 Minerva
1223 2232 1367 2299 quoque
1381 2210 1475 2279 Her-

292 2321 366 2389 culi
391 2323 602 2389 ministrans
629 2324 820 2390 invenitur.
865 2321 963 2389 Nam
986 2321 1160 2391 Welcker
1187 2323 1232 2390 (16
1253 2321 1397 2408 lecytho
1421 2324 1476 2389 ni-

293 2433 370 2516 gris
393 2432 520 2517 figuris
544 2432 684 2518 depicto
703 2433 793 2500 haec
816 2432 972 2515 refert:¹)
1010 2433 1072 2498 Bet
1093 2433 1202 2498 Η666
1226 2432 1357 2514 (16666,
1373 2431 1475 2516 fron·

291 2545 462 2610 adstscbcm
488 2544 662 2609 Consulto
687 2543 848 2628 Girpcati,
874 2544 934 2608 6611
961 2544 1010 2608 ich
1037 2565 1080 2608 66
1107 2545 1208 2608 616666
1230 2543 1387 2627 16191166
1403 2541 1475 2626 fol·

290 2656 388 2738 ponde
423 2654 621 2735 Vorstellaop
651 2657 686 2719 in
716 2655 896 2718 scbworaen
926 2653 1086 2737 Fipureo:
1126 2654 1252 2719 Athene
1280 2656 1376 2737 piesst
1406 2655 1477 2718 (1666

291 2766 454 2830 66666166
475 2765 631 2830 Herakles
653 2765 724 2846 (mit
745 2764 951 2845 decaboat,
978 2765 1093 2844 Kcale,
1122 2762 1230 2848 Β6966
1250 2765 1318 2828 aad
1338 2763 1475 2843 chher)

293 2883 346 2942 eia
372 2877 440 2940 aad
467 2876 564 2955 Nike,
595 2876 795 2958 6696169611,
826 2881 903 2940 cetat
933 2876 1000 2940 1166
1031 2876 1089 2939 dea
1117 2876 1235 2939 Kroaa
1265 2871 1337 2956 auf.
1380 2874 1476 2939 11166

295 2987 409 3052 «161166
422 2989 481 3052 mit
497 2989 552 3051 der
567 2987 675 3051 16666
690 2988 758 3051 aad
772 2987 906 3051 Hermes
923 3007 1019 3070 96966
1037 2987 1094 3050 ibn
1111 2987 1265 3070 pewondt.
1302 2985 1476 3052 11611116-

294 3100 546 3183 praesentatur
569 3098 607 3163 in
629 3096 779 3164 vasculo
802 3095 976 3182 quodam,
1008 3096 1107 3182 quod
1130 3094 1478 3182 (1691111111Η1616ε1)

295 3203 486 3290 Hercules
515 3208 579 3294 qui
599 3206 714 3273 leonis
736 3206 829 3293 pelle
852 3206 1000 3273 indutus
1024 3227 1047 3273 a
1069 3207 1216 3274 sinistra
1237 3209 1340 3292 parte
1364 3205 1475 3288 sedet,

296 3321 425 3387 dextra
452 3319 668 3386 cantharum
695 3319 860 3405 porrigit,
892 3319 931 3384 in
954 3338 1062 3404 quem
1085 3316 1253 3385 Minerva
1274 3338 1320 3385 ex
1346 3316 1488 3384 hirnea-

296 3432 422 3499 vinum
437 3430 602 3498 infundit.
642 3428 873 3516 Quamquam
888 3449 954 3516 pro
971 3433 1067 3496 certo
1083 3428 1295 3496 habendum
1316 3449 1391 3495 non
1414 3431 1477 3510 est,

294 3544 507 3624 libationem
536 3542 630 3624 fieri,
666 3541 735 3608 hoc
767 3540 963 3608 verisimile
993 3540 1035 3606 fit
1064 3541 1144 3627 ipsa
1174 3539 1342 3607 Minerva
1373 3539 1478 3606 mini-

296 3657 442 3736 strante,
466 3673 558 3741 quae
581 3652 724 3737 galeam
747 3653 786 3718 in
807 3651 930 3737 lapide
951 3651 1080 3736 posuit.
1088 3650 1117 3732 ³)
1153 3649 1234 3716 Iam
1256 3669 1368 3736 supra
1387 3644 1478 3715 vidi-

295 3785 388 3848 111116,
408 3763 576 3832 Cererem
590 3782 664 3829 non
680 3761 799 3829 solum
813 3763 1021 3828 ministrare
1036 3759 1258 3842 libationem,
1281 3759 1347 3828 sed
1361 3761 1480 3846 ipsam

295 3876 425 3959 libare,
457 3878 498 3941 ut
524 3895 546 3940 a
573 3874 643 3941 diis
674 3873 829 3939 salutem
855 3875 954 3957 petat
974 3870 1201 3957 Triptolemo.
1247 3867 1354 3950 Quod
1380 3871 1478 3938 idem

298 3974 368 4055 boc
391 4005 534 4074 quoque
556 3985 636 4052 1666
659 3983 852 4050 invenitur.
893 3980 991 4048 Nam
1013 3982 1050 4049 in
1073 3981 1263 4070 amphora,
1284 4000 1395 4067 quam
1418 3980 1480 4048 de-

385 4246 404 4306 1)
421 4243 485 4298 Alte
504 4241 663 4295 Denkmiiler
681 4239 729 4293 111.
747 4257 771 4309 p.
791 4239 850 4293 266.

384 4347 406 4412 ²)
424 4345 533 4399 Wiener
553 4341 779 4410 Vorlegeblittter:
797 4341 869 4396 Serio
886 4342 918 4395 A.
938 4342 975 4395 tb.
995 4339 1014 4392 1.

381 4447 405 4514 ³)
424 4447 631 4504 6111611611
653 4444 736 4499 Vasco
754 4443 895 4514 etrusques
914 4444 1077 4499 d'Hamilton
1095 4439 1130 4496 11.
1149 4443 1188 4497 th.
1205 4443 1247 4496 43.
