3316 5200
786 497 1001 558 ..22-

304 679 363 746 vel
395 661 641 746 adolescentes
672 680 755 762 lilii,
794 681 903 747 amici
918 681 953 763 ¹),
990 681 1052 766 qui
1084 700 1196 766 equos
1206 681 1232 760 2)
1264 701 1408 768 quoque
1430 681 1489 748 vel

304 791 446 870 canesl)
469 791 615 858 ducunt.
661 791 849 858 Invenitur
875 792 984 858 etiam
1007 811 1150 874 currus,
1179 792 1242 878 qui
1264 795 1409 878 praesto
1436 796 1491 859 est

304 900 380 969 filio
397 900 626 969 adolescenti.
635 903 662 984 4)
700 901 968 988 Saepenumero
991 905 1041 985 fit,
1063 907 1104 968 ut
1125 922 1192 989 pro
1216 903 1372 988 virgins,
1396 923 1491 989 quae

304 1011 359 1078 illi
380 1011 572 1094 ministrat,
596 1011 760 1080 Victoria
781 1014 899 1099 posita
921 1015 976 1096 sit,
989 1013 1013 1093 ⁵)
1037 1013 1081 1081 de
1105 1034 1178 1099 qua
1192 1015 1267 1080 iam
1290 1033 1397 1100 saepe
1418 1013 1488 1080 dis-

306 1125 473 1208 putatum
503 1126 567 1190 est.
621 1122 694 1192 Sed
727 1123 879 1191 dubium
915 1143 993 1192 esse
1025 1145 1097 1192 uon
1134 1127 1266 1212 potest,
1304 1125 1393 1212 quin
1428 1126 1489 1192 illa

306 1233 520 1320 plerumque
544 1234 652 1318 adsit,
684 1238 724 1300 ut
746 1235 983 1320 significetur,
1017 1236 1155 1303 bellum
1177 1236 1236 1303 vel
1259 1237 1326 1303 iter
1348 1236 1490 1304 felicem

308 1343 519 1411 habiturum
545 1364 623 1412 esse
649 1347 795 1414 exitum.
807 1349 832 1427 1)
870 1346 1071 1414 Victoriam
1094 1348 1132 1414 in
1155 1348 1268 1414 sacris
1281 1348 1490 1414 ministran-

307 1461 382 1522 tem
397 1476 481 1524 cum
496 1457 647 1524 vascula
662 1457 873 1544 quaedam)
890 1461 966 1524 tum
983 1478 1026 1525 ea
1041 1459 1224 1544 praebent,
1242 1478 1335 1545 quae
1352 1459 1490 1545 sculpta

309 1568 453 1633 suntin
475 1567 597 1653 pluteo
619 1569 745 1655 templi
759 1569 947 1636 Minervae
963 1568 1147 1636 Victoriae
1169 1570 1208 1636 in
1224 1589 1308 1637 arce
1330 1569 1491 1636 Athena-

308 1697 392 1743 rum
415 1677 585 1757 dedicati,
617 1680 682 1748 ubi
705 1679 889 1747 Victoriae
913 1681 1035 1746 omnia
1054 1680 1103 1748 ad
1125 1680 1347 1748 sacrificium
1369 1701 1491 1748 neces-

310 1789 408 1854 saria
435 1809 648 1876 comparare
674 1791 852 1858 videntur.
865 1793 890 1873 8)
933 1794 984 1856 At
1009 1791 1090 1858 fieri
1115 1811 1235 1877 posse,
1267 1795 1308 1857 ut
1329 1791 1493 1859 Victoria

310 1899 407 1966 adsit
421 1900 470 1967 ad
484 1902 675 1968 victoriam
690 1906 834 1989 partam
848 1902 1094 1985 indicandam,
1110 1923 1216 1969 nemo
1232 1903 1389 1987 negabit.
1423 1902 1494 1971 Sed

310 2009 381 2077 hoc
403 2030 484 2077 eam
506 2013 623 2096 tangit
653 2014 914 2097 quaestionem,
947 2016 1069 2079 utrum
1092 2012 1218 2079 libatio
1249 2011 1346 2080 facta
1369 2014 1429 2095 sit,
1455 2017 1497 2078 ut

311 2122 451 2204 gratiae
489 2126 647 2205 agantur
684 2124 761 2191 deis
797 2144 921 2190 necne.
982 2121 1063 2203 Qua
1093 2125 1131 2190 in
1162 2143 1201 2189 re
1232 2122 1303 2190 hoc
1334 2126 1497 2211 tempore

313 2251 438 2300 omnes
465 2255 523 2300 vv.
555 2235 614 2302 dd.
647 2236 848 2302 consentire
878 2239 980 2320 puto,
1010 2235 1166 2301 inveniri
1195 2238 1230 2301 et
1259 2235 1358 2302 locos
1384 2235 1498 2321 scrip·

313 2347 434 2412 torum
466 2350 501 2413 et
522 2351 772 2429 monumenta,
805 2366 897 2432 quae
920 2344 990 2412 hoc
1012 2347 1174 2428 firmant,
1206 2347 1375 2432 quamvis
1398 2366 1500 2425 raro;

314 2460 379 2528 sed
400 2461 438 2526 in
453 2458 608 2545 petendo
623 2458 845 2540 libationem,
867 2458 907 2523 in
926 2457 1046 2541 gratia
1060 2455 1250 2522 referenda
1266 2455 1498 2523 anathemata

314 2569 424 2658 vulgo
444 2573 483 2639 in
497 2590 568 2638 usu
582 2570 704 2652 fuisse,
726 2569 851 2635 multis
866 2567 1080 2634 testimoniis
1095 2567 1278 2653 probatur.
1316 2566 1498 2653 Equidem

313 2687 465 2758 Homeri
487 2682 614 2752 Iliadis
636 2680 760 2747 locum
783 2679 942 2760 afferam,
967 2679 1029 2764 qui
1044 2677 1207 2744 indicare
1229 2677 1383 2760 videtur,
1406 2676 1498 2744 liba-

314 2803 450 2869 tionem
464 2795 544 2864 fieri
559 2793 607 2860 ad
623 2793 760 2877 gratias
776 2790 948 2874 agendas,
972 2789 1027 2870 (Κ.
1046 2789 1130 2868 571).
1168 2787 1289 2871 Poeta,
1305 2791 1499 2874 postquam

314 2909 492 2990 narravit,
524 2904 669 2972 Ulixem
692 2905 727 2969 et
748 2901 978 2982 Diomedem,
1011 2899 1109 2985 quod
1130 2899 1301 2980 inierant,
1332 2899 1500 2966 Minerva

316 3021 513 3090 adiuvante
534 3018 626 3084 bene
648 3013 851 3100 perfecisse,
874 3010 944 3077 hoc
966 3009 1075 3076 modo
1098 3011 1228 3095 pergit:

450 3139 505 3210 Ίαλ
528 3141 564 3209 δὲ
586 3137 792 3222 λοεσσαμένω
815 3136 873 3201 καὶ
897 3127 1112 3222 ἀλειψαμένω
1134 3126 1210 3200 λίνα)
1235 3132 1336 3222 ἐλαίῳ

447 3251 571 3341 δείπνῳ
593 3248 792 3339 ἐφιζανέτην,
817 3241 888 3313 ἀπὸ
911 3247 946 3313 δέ
968 3249 1124 3334 κρητῆρας
1143 3236 1274 3335 Ἀθήνῃ

446 3363 566 3432 πλείου
590 3354 815 3450 ἀφυσσάμενοι
839 3361 946 3443 λεῖβον
967 3356 1120 3445 μελιηδέα
1144 3351 1279 3444 ollone)

405 3496 589 3566 Addenda
599 3497 683 3562 sunt
697 3511 882 3579 perpauca
896 3492 1139 3556 monumenta.
1174 3487 1348 3575 Stephani
1360 3490 1507 3574 praeter

322 3613 444 3680 omnia
469 3609 541 3675 huc
573 3608 681 3673 vocat
706 3602 912 3684 vasculum,
944 3602 982 3668 in
1010 3621 1081 3688 quo
1106 3600 1269 3667 Victoria
1290 3598 1505 3666 libationem

412 3785 431 3839 ¹)
450 3779 489 3834 cf.
508 3774 657 3845 inghirami
673 3774 691 3827 l.
710 3791 732 3826 c.
751 3771 796 3827 IV.
815 3773 873 3826 311.

409 3866 430 3935 ²)
449 3863 569 3920 Gerhard
587 3862 605 3915 1.
624 3878 645 3915 c.
663 3860 722 3913 291.
741 3860 800 3912 292.

409 3952 431 4016 ³)
450 3948 578 4006 Gerhard.
597 3949 615 4002 l.
634 3965 656 4001 c.
674 3944 721 3999 IV.
740 3945 798 3998 267.
816 3945 887 3998 Mon.
907 3943 968 3996 dell.
989 3941 1053 3996 Inst.
1074 3941 1092 3996 Ι.
1112 3942 1179 4008 26,3.

409 4035 431 4105 ⁴)
450 4035 489 4091 cf.
507 4033 647 4105 Stephani:
665 4029 857 4085 Vasensamml.
876 4028 901 4081 d.
919 4027 1032 4082 Kaiserl.
1050 4027 1192 4094 Frmitage.
1211 4043 1244 4080 no
1264 4027 1338 4079 1271.

411 4123 432 4188 ⁵)
450 4120 490 4176 cf.
507 4118 587 4174 Arch-
606 4117 664 4186 Ztg.
685 4116 752 4170 1865
769 4117 809 4168 th.
827 4114 887 4168 204.
900 4116 918 4167 ².
938 4112 1067 4169 Gerhard.
1085 4113 1103 4166 1.
1122 4130 1144 4166 c.
1161 4112 1196 4167 11.
1214 4113 1252 4166 tb.
1273 4112 1331 4165 150.

414 4205 491 4272 6)()1.
511 4203 638 4274 Stephani
656 4200 859 4273 Compterendu
878 4200 951 4254 1873.
970 4217 997 4269 p.
1017 4199 1067 4253 184
1085 4215 1142 4269 sqq.
1160 4216 1186 4268 p.
1205 4198 1255 4252 212
1274 4215 1332 4266 sqq.

413 4293 434 4360 ⁷)
452 4291 491 4348 cf.
510 4289 630 4346 Gerhard
648 4289 665 4343 1.
685 4306 706 4342 c.
724 4287 759 4340 H.
777 4287 820 4341 81.
839 4284 887 4340 111.
907 4286 964 4353 155,
983 4284 1043 4339 elia.

414 4379 435 4441 ⁸)
453 4376 493 4432 cf.
511 4373 625 4430 Kelrult:
643 4373 694 4428 Die
711 4371 881 4427 Bellustrade
900 4371 947 4424 der
967 4368 1076 4424 Athena
1093 4369 1170 4448 Nike.

414 4464 435 4530 ⁰)
453 4461 492 4518 cf.
510 4461 666 4516 Bernhardi.
685 4461 702 4513 1.
722 4477 743 4512 c.
762 4476 786 4528 p.
807 4460 831 4510 7.

1623 4529 1626 4684 l
