3316 5200
705 433 1010 532 '-ss-

314 649 374 719 vel
406 653 517 718 otiose
551 654 764 738 spectans,¹)
795 651 855 719 vel
880 653 961 739 ipsa
985 652 1148 733 libans.‘2)
1194 649 1312 731 Quam
1338 649 1497 736 figuram

316 759 495 829 Latonam
522 763 832 850 interpretandam
856 782 948 845 esse,
980 762 1066 830 hinc
1089 762 1219 845 elucet,
1251 761 1351 848 quod
1373 760 1496 828 multis

315 872 406 940 locis
437 873 546 940 mitra
572 873 630 941 vel
660 875 801 960 sceptro
829 874 1034 958 significata
1060 874 1155 954 est³l
1178 909 1222 918 -
1244 871 1317 942 Sed
1339 874 1498 939 statuen-

317 983 406 1050 dum
428 1003 506 1051 esse
528 987 624 1070 puto,
647 984 714 1052 has
736 987 810 1052 tres
831 984 970 1070 figuras
992 1005 1067 1052 non
1081 1004 1223 1072 semper
1238 979 1365 1052 eodem
1385 983 1496 1050 modo

317 1095 477 1181 depictas
500 1113 592 1177 esse;
624 1099 664 1162 ut
689 1098 833 1163 exstant
855 1095 1018 1179 vascula,
1044 1096 1109 1162 ubi
1130 1097 1168 1162 in
1191 1095 1276 1163 sede
1299 1094 1499 1162 collocatus

317 1209 372 1272 est
394 1205 537 1292 Apollo,
546 1207 571 1286 ⁴)
591 1205 652 1275 uel
675 1207 767 1274 aliae
791 1206 936 1274 additae
958 1210 1044 1273 sunt
1064 1206 1205 1291 figurae
1229 1207 1328 1288 etc.⁵)
1372 1205 1498 1293 Inqui-

317 1316 480 1385 rentibus
503 1317 617 1401 nobis,
641 1317 728 1404 quid
752 1318 808 1400 sit,
831 1339 897 1385 cur
912 1317 1045 1404 Apollo
1067 1317 1127 1384 hic
1149 1316 1361 1384 libationem
1383 1316 1499 1384 effun-

318 1426 394 1510 dat,
422 1426 514 1494 nihil
537 1427 638 1494 aliud
660 1429 831 1511 occurrit,
858 1428 930 1496 nisi
951 1448 1035 1495 eum
1056 1427 1206 1495 libando
1230 1447 1252 1493 a
1274 1427 1344 1495 diis
1365 1430 1498 1514 petere,

317 1539 359 1604 ut
379 1538 470 1605 bene
492 1538 657 1625 perficiat
681 1541 836 1606 cantum.
863 1573 901 1583 —
925 1538 1023 1605 Nam
1046 1537 1141 1606 hano
1164 1557 1307 1626 quoquc
1329 1558 1408 1605 rem
1431 1537 1498 1604 hu·

318 1668 449 1716 manae
465 1650 719 1716 consuetudini
738 1649 1034 1718 accommodasse
1052 1647 1224 1731 Graecos,
1248 1649 1398 1716 vasculo
1413 1669 1498 1735 pro-

318 1760 439 1843 batur,
481 1760 579 1846 quod
609 1759 745 1828 Roulez
782 1760 1025 1841 delineavit⁶):
1071 1760 1114 1826 In
1145 1760 1254 1847 podio
1290 1759 1363 1827 duo
1399 1761 1500 1827 inve-

318 1871 468 1937 niuntur
484 1871 746 1953 adolescentes,
770 1890 926 1958 quorum
942 1871 1033 1937 alter
1048 1870 1145 1938 tibiis
1161 1871 1268 1952 canit,
1292 1870 1383 1938 alter
1399 1872 1499 1956 quie·

318 1984 377 2047 tus
399 1985 571 2049 remanet.
612 1983 708 2049 Ante
731 2001 822 2069 quos
845 2001 956 2050 senex
979 1982 1138 2049 constitit
1159 1980 1344 2068 palliatum
1367 1980 1499 2048 baculo

319 2093 436 2158 nixus.
484 2092 541 2160 Ab
580 2092 694 2160 altera
730 2096 832 2179 parte
863 2091 1027 2160 Victoria
1063 2092 1225 2175 advolat,
1263 2112 1356 2179 quae
1387 2111 1500 2158 manu

319 2205 484 2289 pateram
504 2203 614 2271 affert.
652 2203 823 2270 Dubitari
837 2223 909 2270 non
932 2222 1037 2289 posse
1060 2205 1236 2285 existimo,
1260 2203 1347 2289 quin
1363 2203 1501 2289 pictum

320 2314 367 2379 sit
390 2316 573 2381 certamen
603 2315 831 2394 musicum.⁷)
876 2313 1040 2382 Victoria
1062 2315 1190 2382 eadem
1212 2315 1351 2381 ratione
1374 2314 1502 2380 addita

320 2426 383 2508 est,
406 2445 480 2513 qua
501 2445 582 2493 eam
604 2426 680 2492 iam
694 2443 805 2511 supra
827 2425 986 2493 vidimus
1008 2427 1046 2493 in
1069 2425 1297 2493 caerimoniis
1320 2424 1501 2508 religiosis

320 2540 595 2616 ministrantem,
620 2539 727 2623 atque
748 2537 813 2618 ita,
836 2540 877 2603 ut
898 2537 1070 2604 victoriae
1093 2537 1290 2620 augurium
1311 2535 1499 2620 significet.

322 2653 439 2725 Senex
470 2648 678 2717 certaminis
717 2647 827 2714 iudex
854 2646 1006 2714 videtur.
1014 2648 1039 2728 ⁸)
1096 2647 1232 2718 Tamen
1268 2645 1502 2732 Stephaniol)

321 2761 595 2832 eoncedendum
622 2761 689 2841 est,
712 2759 750 2825 in
773 2759 816 2824 iis
840 2758 1013 2842 vasouIiS,
1041 2779 1135 2845 quae
1156 2757 1366 2845 Apollinem
1389 2756 1503 2824 eitha-

320 2875 474 2942 roedum
487 2870 671 2959 praebent,
687 2873 869 2938 certamen
885 2869 1129 2954 significatum
1144 2888 1218 2936 non
1232 2887 1319 2936 esse.
1332 2903 1370 2914 -
1386 2867 1502 2936 Nobis

321 2983 465 3053 fabulas
487 2981 691 3070 petentibus
719 2981 841 3047 statim
863 2982 902 3047 in
923 2983 1082 3048 mentem
1107 2981 1207 3046 venit
1228 2979 1361 3066 Apollo
1384 2983 1419 3047 et
1441 2981 1502 3060 qui
1572 3063 1574 3070 Ι

322 3099 473 3184 ρυεῖσαν,
505 3095 661 3160 mortem
686 3092 796 3158 mittit
818 3091 1026 3160 hominibus
1050 3092 1167 3171 etqui
1190 3091 1260 3157 arti
1282 3091 1403 3158 studet
1423 3110 1502 3157 rnu-

323 3205 479 3288 sioae.¹¹·)
522 3202 655 3290 Hymn.
679 3201 860 3269 Homeric.
884 3203 922 3269 in
944 3202 1103 3289 Apollin.
1127 3201 1171 3269 de
1194 3201 1250 3268 his
1281 3201 1390 3270 rebus
1413 3201 1504 3270 haee

323 3321 449 3385 narrat
470 3335 521 3384 vs.
547 3321 580 3382 5:
702 3321 704 3329 ⁴

366 3463 472 3558 Λήσιυ
495 3457 588 3555 δὀἴη
609 3463 707 3550 μίμνε
728 3464 838 3552 παραὶ
861 3463 919 3530 Διὶ
941 3464 1181 3550 τερπικεραύνῳ

366 3577 425 3646 καί
447 3577 478 3646 οἳ
501 3581 566 3665 (sc.
589 3568 793 3663 Ἀπόλλωνι)
817 3568 880 3642 ἀπ’
906 3572 1062 3663 ἶφθιμιῦν
1084 3567 1181 3659 ὤμων
1201 3571 1361 3658 χείρεσσιν
1384 3570 1501 3641 ἑλοῦσα

366 3687 468 3772 τόξον,
492 3681 688 3775 ἆνανρέμασε
709 3684 794 3773 πρὸς
815 3684 909 3754 κίονα
932 3683 1059 3771 πατρὸς
1082 3682 1150 3752 ἑοῖο

367 3797 544 3869 πασσάλου
567 3800 603 3866 ἐκ
623 3799 772 3886 χρυσέου·
795 3795 850 3865 τὸν
873 3789 903 3864 d'
916 3797 948 3875 ἐς
972 3792 1090 3883 θρόνον
1112 3787 1197 3863 εἷσεν
1219 3789 1353 3882 ἄγουσα.

414 4027 432 4094 ¹)
451 4028 487 4081 ib.
506 4028 548 4080 24.
617 4025 638 4090 ²)
656 4025 691 4078 ib.
710 4025 750 4077 26.
770 4023 811 4077 34.
830 4023 871 4077 36.
941 4023 962 4087 ³)
979 4023 1014 4076 ib.
1033 4022 1074 4075 26.
1093 4021 1134 4076 36.

412 4129 547 4196 4)11).’36.
575 4129 613 4184 Cf.
633 4126 702 4181 Mon.
722 4125 782 4180 dell.
802 4123 867 4179 lost.
887 4123 931 4177 lX.
951 4126 989 4178 tb.
1010 4125 1047 4178 17.
1120 4124 1141 4188 5)
1160 4119 1232 4177 Elite
1250 4123 1292 4177 26.
1309 4122 1351 4176 34.
1370 4125 1420 4176 etc.

413 4237 434 4299 ⁶)
453 4232 535 4288 Choir
552 4231 584 4285 de
603 4228 687 4284 Vases
705 4229 793 4298 points
810 4229 849 4282 tb.
870 4227 909 4281 18.
980 4229 999 4289 ⁷)
1018 4225 1056 4281 Cf.
1075 4224 1203 4296 Stephani
1221 4225 1238 4278 l.
1257 4242 1277 4278 r.
1297 4241 1321 4294 p.
1340 4224 1399 4278 214.

414 4337 435 4403 ¹)
453 4335 491 4391 Cf.
512 4334 657 4402 lughirami
673 4333 691 4387 l.
710 4350 732 4386 c.
751 4330 798 4384 111.
817 4332 855 4384 tb.
874 4331 931 4384 290.
1002 4330 1058 4393 9)1.
1078 4347 1100 4382 r.
1118 4329 1168 4383 207
1187 4345 1244 4398 sqq.

417 4441 447 4505 ¹⁰)
467 4439 505 4494 Cf.
525 4436 751 4492 Robert-Preller:
772 4432 940 4489 Grieohiscbe
954 4433 1115 4501 Mythologie
1134 4431 1184 4484 11².
1204 4447 1229 4502 p.
1242 4431 1301 4484 279.
