3316 5200
680 439 891 501 ..47-

191 623 311 709 quiv.
337 621 468 689 diam
498 621 654 688 multum
686 623 805 689 attulit
831 623 879 689 ad
907 621 1131 690 Graecorum
1162 621 1376 706 religionem

190 733 499 817 cognoscendam,
527 734 695 801 omnibus
718 735 931 801 testimoniis
956 737 1125 802 accurate
1149 733 1374 816 examinatis,

189 843 360 911 ultimam
388 845 546 912 convivii
571 844 797 928 libationem,
830 865 923 932 quae
950 845 1061 913 fiebat
1082 846 1121 910 in
1143 845 1376 911 victimarum

189 955 338 1040 linguas
368 956 407 1021 in
439 975 502 1021 ara
535 955 757 1038 combustus,
790 955 972 1023 Mercurio
1000 955 1162 1022 oblatam
1187 975 1260 1021 non
1286 973 1374 1037 esse,

191 1065 353 1133 dilucide
375 1066 583 1152 probavit.¹)
628 1064 726 1132 Nam
747 1086 813 1152 pro
837 1069 936 1133 certo
959 1065 1169 1134 habendum
1192 1068 1256 1149 331,
1279 1065 1375 1132 hano

189 1175 404 1244 libationem
426 1176 471 1243 iis
495 1175 564 1243 diis
588 1176 740 1242 effusam
766 1196 859 1259 esse,
892 1178 1023 1264 quibus
1045 1177 1215 1243 victimae
1246 1175 1375 1243 eodem

190 1287 252 1354 die
277 1286 486 1354 immolatae
513 1291 629 1369 erant,
658 1290 711 1353 ut:
739 1285 845 1353 Hom.
871 1285 936 1355 Od.
962 1312 987 1369 γ.
1012 1307 1063 1353 vs
1088 1290 1149 1354 341
1175 1307 1251 1374 sqq.
1276 1285 1374 1373 Nep-

188 1401 291 1478 tuno,
307 1397 370 1483 qui
386 1415 436 1463 vs.
454 1400 482 1463 6.
500 1397 718 1483 appellatum
737 1401 812 1464 turn
831 1418 887 1485 ap.
906 1398 1074 1484 Apollon.
1092 1397 1209 1465 Rhod.
1234 1398 1372 1482 Argon.

190 1508 218 1574 Ι.
234 1513 296 1574 517
301 1561 307 1573 .
323 1507 470 1592 linguae
486 1511 521 1574 et
535 1508 660 1575 libatio
677 1509 757 1576 Iovi
775 1509 983 1576 offeruntur.
1013 1508 1194 1596 Equidem
1210 1507 1373 1576 Platonis

189 1619 313 1686 locum
322 1622 345 1698 1)
378 1618 527 1701 addam,
559 1620 621 1706 qui
648 1620 776 1686 eodem
801 1619 910 1686 modo
937 1619 1010 1687 huo
1033 1622 1196 1706 spectare
1219 1619 1373 1702 videtur,

191 1749 417 1818 quamquam
439 1729 484 1796 de
499 1729 633 1815 linguis
655 1731 792 1798 dictum
806 1733 965 1797 nonest:
988 1723 1071 1811 μετὰ
1094 1726 1256 1794 δὲταῦτα
1279 1724 1374 1793 σπεί-

191 1861 307 1916 σανιες
328 1833 384 1904 τόν
405 1863 439 1904 τε
462 1831 599 1922 ἄρχοντα
622 1839 679 1905 καὶ
701 1836 776 1917 τούς
798 1831 924 1920 ἄλλους,
949 1830 1000 1917 οἷς
1022 1830 1062 1904 113
1075 1834 1214 1928 τυγχάνῃ
1236 1844 1331 1918 θεοῖς
1353 1829 1373 1928 ἡ

189 1944 266 2016 τότε
288 1949 343 2029 νύξ
362 1975 397 2016 τε
417 1949 476 2015 καὶ
507 1940 610 2037 ἡμέρα
637 1950 863 2040 καθιερωμένη
891 1947 975 2016 κατὰ
1001 1953 1107 2017 ταῦτα
1130 1942 1232 2030 οὕτως
1260 1947 1374 2017 οἴκαδε

190 2057 406 2145 nolueram.
459 2064 594 2132 Tamen
629 2065 927 2132 consuetudinem
957 2065 1069 2133 fuisse
1101 2067 1208 2133 certis
1235 2069 1373 2152 tempo-

191 2176 305 2258 ribuS,
328 2177 368 2241 ut
382 2174 563 2242 Mercurio
579 2175 707 2242 ultima
731 2177 889 2243 convivii
912 2176 990 2243 sola
1006 2176 1260 2260 effunderetur,
1283 2175 1374 2243 mihi

193 2288 288 2353 33113
326 2290 491 2353 33131313
529 2286 679 2353 videtur.
729 2285 826 2353 Nam
863 2289 1006 2373 11133131
1035 2287 1215 2354 Athenaei
1251 2287 1373 2354 locum

193 2397 232 2478 (I.
256 2416 289 2483 p.
317 2401 354 2463 16
377 2397 432 2480 Β),
456 2417 563 2485 quem
586 2417 697 2484 supra
720 2398 911 2485 adscripsi,
939 2399 1036 2465 idem
1058 2398 1220 2466 referunt
1240 2397 1374 2465 Pollux

192 2506 268 2588 (VI.
285 2509 367 2591 100),
383 2509 446 2595 (111
461 2511 598 2594 spectat
613 2506 661 2575 ad
669 2507 821 2576 Homeri
836 2507 902 2576 Od.
918 2529 1007 2594 313,
1023 2513 1091 2576 137.
1109 2513 1144 2576 31
1152 2507 1373 2576 Plutarchus

192 2618 348 2701 (conviV.
365 2617 447 2685 Vll.
463 2621 506 2701 9.)
544 2617 663 2700 Quam
679 2620 851 2688 Mercurii
864 2620 1075 2687 libationem
1090 2621 1307 2707 posteriores
1323 2621 1374 2686 ita

193 2730 438 2816 explicabant,
469 2734 510 2796 ut
541 2731 714 2814 dicerent,
747 2752 831 2798 eum
858 2731 1025 2798 convivio
1054 2734 1207 2798 exeunte
1234 2731 1374 2798 cultum

192 2860 286 2923 esse,
318 2841 381 2928 qui
411 2860 580 2908 somnum
601 2862 731 2926 regens
758 2843 900 2909 somnia
921 2843 1086 2909 mitteret.
1114 2878 1149 2888 -
1176 2839 1373 2909 3111111-

192 2950 463 3019 311311Η31313.
486 2951 532 3036 X,
556 2956 584 3019 8.
608 2973 641 3039 p.
666 2954 769 3036 3111)
815 2952 888 3022 Sed
910 2951 1075 3036 Nitzsch,
1107 2953 1171 3039 qui
1197 2953 1373 3019 nonnulla

192 3062 373 3145 adnotat¹)
401 3063 448 3130 ad
472 3061 599 3150 Odyss
624 3087 653 3148 η.
677 3084 729 3129 vo.
756 3067 826 3147 137,
853 3065 1038 3130 numiam
1061 3062 1213 3130 Homeri
1235 3066 1372 3150 tempo·

191 3174 295 3240 ribus
318 3172 522 3240 Mercurius
549 3174 596 3241 sit
620 3174 838 3257 intellectus
870 3175 934 3260 qui
959 3175 1118 3240 mitteret
1143 3193 1312 3240 somnum
1335 3175 1374 3239 in

192 3284 348 3352 dubium
379 3287 493 3350 vocat.
539 3282 620 3364 Qua
649 3305 689 3351 re
711 3284 866 3351 refutata
894 3283 965 3351 hoc
986 3284 1096 3350 modo
1123 3285 1242 3371 pergit
1265 3305 1297 3349 v.
1322 3284 1372 3349 d:

190 3396 349 3460 vieller'obt
370 3417 437 3460 wor
458 3415 491 3460 es
512 3397 585 3461 3133
607 3417 673 3460 333
700 3397 749 3461 die
772 3396 845 3460 13133
867 3398 920 3460 des
946 3396 1124 3475 beiloolleu,
1152 3395 1296 3460 Sotaden
1318 3395 1373 3458 311·

191 3508 384 3572 3331133333
402 3505 519 3588 Gottes,
542 3509 597 3572 der
619 3507 713 3572 31133
732 3506 896 3590 83911333
917 3509 1006 3571 einen
1025 3507 1203 3588 fro'blicbcu
1217 3507 1373 3588 Auspoup

190 3618 322 3699 verlirb,
348 3618 459 3682 331313
481 3620 539 3682 dos
564 3618 760 3700 Troulopfer
775 3615 841 3700 fiir
861 3618 919 3682 3113
940 3639 993 3681 om
1014 3616 1143 3681 Scbluss
1164 3619 1248 3681 ciues
1273 3616 1374 3698 Topos

193 3730 267 3793 oder
297 3751 354 3794 vor
384 3731 439 3794 der
466 3730 618 3811 fiustereu
652 3729 758 3795 Nucbt
789 3729 938 3812 bediopic.
990 3728 1031 3794 So
1062 3729 1170 3792 333313
1200 3728 1287 3793 nicht
1318 3729 1373 3791 der

193 3839 311 3921 Sublufi
333 3842 471 3906 sonderu
485 3842 588 3922 Hous,
609 3841 710 3921 Habe,
733 3840 837 3905 Lebeu
858 3841 926 3904 und
947 3841 1027 3905 alles
1051 3837 1153 3903 Glr'ict
1175 3845 1268 3904 uniar
1289 3842 1373 3903 selue

280 4095 302 4164 1)
319 4096 404 4149 Jauns
415 4096 507 4150 Jahrb.
527 4095 545 4148 f.
564 4096 716 4164 Philologie.
737 4096 811 4150 1879.
830 4113 855 4166 p.
876 4095 934 4149 687.
954 4111 1011 4164 sqq.

280 4199 301 4262 1)
319 4199 387 4267 legg.
413 4199 468 4252 111.
489 4217 512 4270 p.
532 4199 583 4254 806
601 4199 631 4253 Ε.

280 4301 301 4366 ³)
319 4301 356 4358 Cf.
375 4303 494 4372 Apollou.
513 4301 597 4355 Rhod.
619 4306 717 4368 Argon.
737 4299 785 4353 IV.
803 4317 840 4356 vs.
861 4300 927 4354 1782
946 4316 1004 4352 cum
1024 4299 1109 4352 Schol.

280 4405 301 4469 1)
321 4405 539 4474 „Anmerkungeu
556 4422 588 4458 zu
604 4404 717 4458 Homers
735 4402 876 4472 Odyssee“.
911 4401 945 4454 Il.
964 4419 989 4470 p.
1010 4402 1060 4455 152
1079 4419 1135 4471 sqq.
