3316 5200
640 478 852 542 ..63-

156 664 280 745 ltaque
302 685 349 732 ne
371 665 410 733 id
433 665 579 745 quidem
602 685 745 752 semper
767 665 1003 751 cogitandum
1028 669 1096 749 est,
1123 667 1163 732 in
1185 686 1227 732 eo
1251 685 1339 749 esse,

130 838 131 841 ,
157 779 196 842 ut
218 777 308 844 deus
330 779 443 862 potet,
475 777 540 844 sed
563 776 738 844 cantharo
765 777 871 845 illum
894 777 1003 845 deum
1025 776 1225 862 significari
1246 776 1339 845 Bac-

157 886 272 953 chum.
316 886 452 954 Tamen
474 887 592 954 multa
612 890 755 954 exstant
780 891 1031 971 monumenta,
1062 889 1127 955 ubi
1148 887 1337 956 Bacchum

157 1018 193 1064 re
224 1017 314 1064 vera
343 998 555 1067 libationem
589 998 716 1066 offerre
747 1019 854 1066 nemo
885 1001 1042 1084 negabit.
1096 999 1262 1067 Primum
1293 999 1339 1066 de

157 1111 252 1176 certo
276 1108 435 1189 quodam
457 1108 690 1176 vasculorum
713 1128 844 1193 genere
872 1110 1063 1193 disseram,
1097 1130 1187 1191 quae
1219 1111 1343 1177 omnia

156 1219 230 1287 fere
245 1219 402 1287 eandem
416 1219 572 1287 formam
586 1221 784 1288 imitantur.
823 1219 946 1289 Praeit
965 1223 1119 1308 satyrus,
1142 1222 1203 1302 qui
1217 1220 1339 1288 nudus

156 1330 284 1411 tibiis¹)
308 1330 367 1397 vel
390 1329 561 1411 citharall
585 1332 691 1415 canit,
715 1351 821 1412 quem
839 1333 999 1412 sequitur
1021 1331 1130 1400 homo
1152 1333 1339 1415 barbatus,

156 1441 285 1526 longos
308 1441 460 1528 capillos
482 1462 618 1510 corona
637 1441 795 1510 hederae
818 1447 981 1526 ornatus,
1014 1444 1075 1524 qui
1097 1444 1213 1530 capite
1244 1446 1340 1511 retro

159 1572 262 1620 verso
286 1553 434 1619 sinistra
456 1554 553 1619 tenet
575 1551 742 1638 thyrsum
764 1556 800 1619 et
820 1553 950 1620 dextra
972 1575 992 1621 e
1014 1553 1190 1622 cantharo
1211 1555 1339 1620 vinum

157 1663 258 1730 humi
288 1662 483 1745 effundit3³l
515 1664 668 1744 denique
697 1663 820 1751 puella
850 1665 1042 1746 invenitur,
1074 1667 1173 1733 veste
1203 1664 1339 1732 Dorica

158 1774 301 1856 induta,
325 1774 440 1841 altera
461 1793 574 1840 manu
596 1778 743 1858 gestans
765 1775 896 1858 facem,
920 1776 1035 1842 altera
1056 1775 1236 1859 hirneam,
1269 1795 1340 1856 qua

158 1886 336 1952 ministret
359 1885 436 1951 viro
459 1884 655 1966 barbato.⁴)
697 1883 769 1952 Pro
791 1884 861 1952 hac
884 1887 1025 1970 virgine
1049 1886 1207 1953 constitit
1230 1905 1336 1966 eques

159 2015 296 2076 quoque
312 1995 434 2081 ampla
448 1999 547 2062 veste
562 1995 749 2077 indutus⁵l
771 1996 942 2063 Dubitari
956 2017 1030 2062 non
1044 1998 1170 2083 potest,
1187 1998 1271 2077 quin
1282 1995 1339 2063 his

158 2105 195 2174 in
209 2105 370 2173 vasculis
391 2105 533 2192 depicta
555 2107 602 2173 sit
622 2125 757 2192 pompa
778 2105 953 2175 bacchica
975 2112 1010 2174 et
1031 2107 1141 2174 homo
1163 2108 1340 2176 barbatus

158 2219 233 2304 ipse
257 2218 304 2284 sit
325 2216 506 2298 Bacchus
536 2219 596 2298 qui
618 2216 722 2284 adest
744 2217 940 2286 sodalibus.
985 2217 1083 2286 Nam
1105 2219 1340 2286 inveniuntur

158 2327 322 2408 vascula,
345 2328 409 2394 ubi
431 2326 517 2394 huic
539 2328 618 2394 viro
641 2326 766 2394 titulus
789 2329 982 2396 adiunctus
1006 2330 1052 2396 sit
1074 2329 1342 2412 Alcmona)

159 2439 294 2506 Mirum
325 2438 459 2504 habeat
490 2438 582 2520 quis,
623 2437 720 2518 quod
749 2438 875 2506 libatio
901 2439 944 2505 fit
973 2439 1096 2506 media
1125 2440 1164 2506 in
1191 2458 1341 2526 pompa3

160 2549 223 2616 sed
241 2548 439 2616 tenendum
454 2551 517 2631 est,
539 2546 636 2615 hano
657 2548 871 2616 bacchicam
893 2550 1001 2636 plane
1022 2551 1206 2618 diversam
1227 2550 1340 2618 fuisse

160 2661 205 2729 ab
237 2659 394 2727 aliorum
425 2658 577 2726 deorum
607 2661 763 2746 pompis,
796 2681 887 2740 quae
918 2660 1111 2728 sollemnes
1142 2661 1339 2742 tardaeque

158 2772 414 2853 versabantur,
442 2791 526 2836 oum
547 2771 586 2837 in
612 2770 677 2837 illa
699 2770 842 2838 sodales
869 2771 1042 2839 saltantes
1064 2773 1267 2859 petulantes
1289 2773 1342 2839 io-

159 2883 236 2950 cari
263 2880 427 2948 solerent.
473 2878 571 2960 Quas
597 2879 792 2948 bacchioas
818 2901 969 2969 pompas
997 2883 1045 2950 ad
1068 2886 1208 2950 certum
1230 2903 1339 2964 quen-

160 2994 245 3062 dam
269 2992 367 3060 diem
388 2991 520 3058 festum
543 2991 677 3059 referre
700 2992 865 3072 equidem
887 3013 961 3059 non
985 2994 1112 3062 ausim.
1136 3032 1178 3038 -

244 3103 353 3172 Utin
377 3102 529 3170 deorum
552 3104 718 3171 convivio
740 3105 1005 3173 ministrantem
1024 3105 1216 3172 Iuventam
1239 3107 1341 3172 inve-

159 3217 281 3283 nimus
297 3218 332 3282 et
345 3235 431 3282 mox
447 3215 520 3281 alia
534 3215 687 3281 numina
704 3214 774 3282 hoc
797 3216 906 3283 modo
930 3219 1106 3303 occupata
1124 3216 1341 3297 videbimus,

158 3329 210 3394 ita
241 3324 387 3394 Baccho
419 3345 557 3406 quoque
589 3326 678 3393 certi
704 3327 861 3393 ministri
887 3327 1151 3413 adiunguntur,
1183 3328 1244 3408 qui
1268 3327 1339 3394 hoc

159 3456 311 3504 munere
332 3436 545 3520 funguntur.
588 3434 739 3504 Praeter
760 3437 990 3519 maenadem,
1021 3439 1171 3519 quaein
1198 3438 1340 3524 pompis

159 3547 233 3614 illis
256 3548 436 3630 exstitit,⁷l
463 3547 698 3614 inveniuntur
725 3549 838 3634 satyri
863 3549 1118 3616 ministrantes.
1163 3549 1340 3636 Inspicias

161 3680 188 3726 e.
214 3678 248 3743 g.
273 3657 489 3742 amphoram
514 3659 631 3726 musei
653 3657 898 3726 Berolinensis
925 3660 1046 3728 rubris
1068 3660 1196 3745 figuris
1220 3660 1341 3746 depie-

165 3807 185 3811 —
251 3856 268 3918 ¹)
290 3852 434 3922 lnghirami
451 3854 468 3906 1.
487 3870 508 3908 c.
528 3854 585 3906 244.
605 3853 663 3907 267.

248 3955 269 4014 ²l
288 3955 448 4023 lnghirami:
477 3953 544 4008 Vasi
561 3954 637 4009 fittili
665 3953 791 4010 111265.
822 3955 999 4011 01111111,
1020 3957 1076 4011 198.

249 4058 271 4124 ³)
289 4058 326 4113 01.
348 4056 502 4112 Tischbein:
529 4055 614 4111 Vases
633 4057 797 4113 d'Hamilton
816 4057 837 4110 l.
855 4059 896 4113 31.

249 4163 271 4226 l)
290 4159 388 4230 lnghir.
407 4161 425 4214 l.
444 4177 466 4214 c.
486 4159 536 4212 lll.
555 4162 614 4214 244.

249 4267 270 4329 ⁵)
288 4262 353 4317 ibid.
372 4262 422 4316 111.
441 4264 499 4317 267.

250 4368 272 4431 ⁶)
290 4364 328 4420 cf.
346 4366 416 4420 Mon.
436 4366 460 4419 d.
479 4365 539 4419 Inst
565 4366 597 4418 X.
616 4366 657 4420 23.
676 4366 717 4419 24.

251 4469 272 4534 ⁷)
291 4468 329 4524 cf.
350 4467 492 4522 Tischbeiu
511 4468 528 4522 l.
548 4486 570 4522 c.
588 4469 622 4522 ll.
641 4469 683 4521 44.
703 4468 735 4521 V.
756 4470 794 4524 13.
816 4471 854 4524 15.
874 4473 922 4524 eto.
943 4469 1062 4526 Gerhard
1081 4473 1111 4524 A.
1133 4469 1165 4520 V.
1183 4469 1203 4522 1.
1223 4471 1263 4523 56.
