3316 5200
685 430 898 495 -33-

198 635 384 699 vocamus
406 616 491 684 vitis
514 615 694 684 culturam
717 618 976 704 posterioribus
995 617 1143 686 demum
1157 619 1381 706 temporibus

198 729 238 795 in
261 725 455 796 Graeciam
481 726 595 794 latam
621 747 708 794 esse.
754 724 873 806 Quam
903 736 982 796 rem
1015 729 1148 815 optime
1178 727 1384 798 enucleavit

199 837 242 906 Ε.
266 835 460 920 Curtius:¹)
497 837 562 904 Dic
588 837 702 904 θάλλον
724 838 823 904 λοῦται
851 838 938 904 nicht
959 841 1075 904 ααάαο
1096 841 1165 905 uad
1186 841 1302 921 bessa,
1332 840 1382 906 us

202 951 253 1016 die
274 949 452 1030 Meusctcm
481 950 609 1033 εολονφι
634 950 734 1026 deese,
760 971 819 1016 νοιι
843 951 899 1016 der
919 949 1117 1016 Ausseawelt
1138 950 1382 1034 αοφεεολλοεεαι,

202 1063 267 1143 auf
281 1061 332 1126 die
353 1060 561 1144 Eraeuynisse
582 1060 667 1126 three
688 1059 817 1127 Bodens
838 1062 1030 1144 anyewieseu
1050 1082 1165 1141 waren,
1186 1061 1285 1127 οαλοι
1306 1082 1383 1128 ανον

197 1193 240 1236 εει
261 1173 323 1236 den
345 1170 490 1253 Sponden
503 1170 612 1254 Ηοοίφ
632 1171 701 1235 aad
717 1170 830 1251 Mitch,
856 1169 1107 1253 Puppettldtter,
1129 1171 1276 1253 Fenchet,
1301 1169 1382 1256 lay-

200 1284 305 1362 miun;
326 1283 377 1347 die
390 1281 610 1365 Βαφλνᾶαλον
631 1282 757 1348 dicatae
778 1282 829 1347 als
851 1279 994 1348 θεαιιλνε.
1031 1281 1081 1348 Es
1101 1303 1170 1348 war
1191 1283 1250 1348 dos
1274 1284 1381 1368 „iudo-

200 1392 405 1474 curopdiscbe
433 1391 660 1476 Uruqentum‘fi
690 1394 749 1458 wie
770 1412 802 1458 es
823 1393 918 1459 Ηαλιι
938 1399 1050 1470 uenat,
1075 1394 1143 1458 ιιιιά
1163 1393 1256 1471 ααολ,
1286 1394 1382 1459 nach·

202 1504 272 1569 άοιο
293 1505 344 1568 die
365 1502 518 1568 Hellcueu
544 1501 601 1568 Oel
621 1504 689 1570 aad
718 1502 810 1568 Wein
834 1503 990 1586 ονμαίιοαλ
1011 1503 1121 1569 hatten
1147 1505 1215 1570 aad
1233 1504 1301 1572 sich
1323 1505 1383 1570 dea

199 1613 369 1679 τοοίτιλοεοο
386 1613 554 1678 Barbarae
576 1614 629 1678 des
647 1613 887 1679 Binucnlaades
906 1614 1079 1698 μιφονιλλιοι·
1099 1613 1188 1680 ihrer
1207 1616 1292 1682 reich
1314 1621 1383 1681 cnt-

199 1725 358 1792 wictelten
380 1724 505 1790 Kattar
524 1721 672 1805 fraaton,
704 1723 825 1789 blicbcu
856 1726 907 1789 dic
928 1716 1073 1807 νηφάλια
1106 1718 1190 1806 ἱερά,
1222 1717 1380 1812 νηφάλιοι

200 1830 309 1918 βωμοί
331 1839 365 1900 in
387 1835 474 1900 alica
494 1835 617 1900 Ελνονι.
710 1835 711 1838 ’

284 1945 394 2014 Nunc
419 1965 507 2013 vero
539 1948 657 2012 exstat
687 1947 864 2032 quaestio,
898 1946 1120 2032 quibusnam
1150 1946 1228 2014 deis
1260 1947 1384 2016 oblata

200 2059 275 2125 sint
294 2056 386 2125 haec
405 2048 560 2142 νηφάλια.
599 2054 711 2124 Cuius
734 2056 787 2122 rei
810 2056 967 2142 optimus
988 2057 1089 2124 testis
1112 2060 1229 2124 exstat
1250 2058 1382 2126 scholi-

201 2171 282 2235 asta
295 2169 335 2235 in
350 2165 540 2254 Sophoclis
556 2165 680 2252 Oedip.
698 2164 822 2234 Colon.
839 2185 891 2232 vs.
911 2171 981 2249 100,
1005 2168 1068 2253 qui
1083 2167 1131 2234 ad
1146 2166 1383 2236 Polemonem

202 2281 368 2367 spectans
383 2277 538 2346 Athenis
554 2270 701 2362 νηφάλια
716 2277 923 2344 sacrificata
938 2297 1016 2345 esse
1038 2298 1113 2345 nou
1135 2280 1256 2346 minus
1278 2278 1382 2348 iuriis

204 2409 316 2478 quam
336 2388 611 2474 Mnemosyncs,
634 2386 760 2468 Musis,
784 2423 824 2432 -
846 2387 1026 2471 Aurorae,
1060 2387 1149 2471 Soli,
1180 2387 1317 2474 Lunae,
1340 2427 1382 2436 -

202 2501 339 2568 Veneri
374 2498 549 2580 Uraniae;
586 2502 622 2566 et
655 2498 765 2585 paulo
800 2500 883 2585 post
917 2498 1021 2566 addit
1054 2498 1221 2583 Polemo,
1254 2500 1382 2569 eodem

198 2611 309 2679 modo
340 2630 418 2678 esse
447 2609 693 2677 sacrificatum
724 2607 870 2676 Baccho
903 2612 938 2677 et
967 2609 1161 2677 Erechthei
1191 2609 1381 2694 filiabus.²)

202 2721 437 2808 Singulorum
468 2721 660 2787 numinum
692 2719 810 2786 cultus
842 2719 1098 2788 considerandi
1129 2724 1221 2789 sunt
1271 2719 1381 2790 Liba-

200 2835 326 2916 tiones‚
350 2851 443 2919 quae
464 2831 602 2899 fiebant
615 2830 720 2898 furiis
738 2831 870 2920 optime
886 2831 1160 2916 cognoscendae
1176 2834 1261 2898 sunt
1283 2834 1382 2919 apud

201 2943 427 3032 Aeschylum
449 2941 639 3009 Eumenid.
662 2961 715 3010 vs.
743 2945 811 3009 106.
836 2961 917 3029 sqq:

402 3072 422 3174 ἦ
445 3081 554 3150 πολλά
576 3081 695 3172 μὲνδὴ
718 3086 783 3149 ταῖν
804 3083 890 3168 ε’μιῖν
911 3081 1063 3172 ἐλείξατε,

401 3191 481 3278 χοάς
503 3186 533 3260 τ’
558 3186 696 3275 ἀοίνους,
720 3190 866 3284 νηφάλια
888 3193 1098 3284 μειλίγματα,

402 3305 461 3371 καὶ
483 3304 676 3390 νυκτίσεμνα
699 3297 806 3372 δεῖπν’
831 3297 887 3371 ἐπ’
913 3302 1034 3396 ἐσχάρᾳ
1056 3304 1158 3394 πυρὸς

404 3415 512 3498 ἔθυον,
536 3409 624 3501 άίραν
646 3407 773 3495 οίδενός
793 3414 906 3506 κοινὴν
927 3420 1025 3484 θεῶν.
1033 3422 1057 3503 ³)

286 3567 490 3636 Scholiasta
521 3567 567 3634 ad
591 3567 784 3635 Aeschinis
805 3566 983 3634 Timarch.
1016 3567 1035 3650 ς
1062 3570 1130 3634 188.
1158 3566 1235 3635 liba
1261 3569 1295 3634 et
1320 3566 1379 3635 lac
1511 3519 1518 3532 ο

197 3677 351 3748 Athenis
379 3679 501 3748 oblata
526 3698 605 3746 esse
633 3679 738 3746 furiis
765 3678 885 3745 tradit.
928 3677 1166 3762 Pausaniam)
1192 3678 1314 3762 refert,
1341 3679 1382 3745 in

199 3789 379 3858 furiarum
401 3790 546 3876 temple,
569 3789 668 3876 quod
689 3788 758 3856 fuit
775 3809 887 3876 prope
903 3788 1107 3874 Sicyonem,
1130 3789 1282 3857 effirsam
1301 3808 1379 3857 esse

287 4012 306 4078 ¹)
325 4010 437 4066 Studien
455 4028 502 4065 zur
520 4003 678 4066 Geschichto
704 4010 750 4064 des
778 4010 957 4078 griechischen
984 4009 1096 4080 Olymps
1114 4008 1313 4076 (Sitzuapsber.
1331 4011 1381 4062 der

199 4095 863 4164 hdstffldnwstffldzpfflffll.

285 4200 306 4265 ²)
325 4199 364 4254 Cf.
383 4197 480 4252 Suidas
498 4215 520 4253 ε.
538 4216 561 4251 v.
579 4194 733 4269 νηφάλιος.

285 4301 306 4370 ³)
324 4300 362 4357 cf.
381 4300 476 4355 Aesch.
494 4301 603 4355 Eumen.
621 4317 658 4354 vs.
677 4299 728 4355 858
746 4317 802 4371 sqq.

286 4406 307 4468 ί)
325 4403 359 4458 ΙΙ.
380 4405 419 4457 ll.
438 4405 463 4458 4.
