3316 5200
672 474 884 534 ..ῃ--

186 656 305 734 dutus
330 657 370 720 ut
392 656 521 722 dextra
542 656 697 740 pectoris
713 676 798 742 pars
818 656 919 722 nuda
934 658 989 738 sit,
1014 657 1141 722 dextra
1162 662 1286 725 tenens
1309 680 1372 746 pa-

186 771 312 848 teram,
336 786 409 851 qua
431 766 527 848 libet,
552 767 699 832 sinistra
722 769 761 832 ut
776 766 904 833 adoret
918 768 1022 849 elata,
1047 789 1131 834 curn
1151 769 1269 836 subito
1289 769 1371 837 Vic-

186 878 309 956 toriab
346 876 506 959 advolat,
539 896 632 962 quae
664 897 710 943 ex
735 875 864 942 hirnea
890 878 1018 944 vinum
1045 878 1205 946 effundit.
1251 879 1368 959 Quam

186 988 366 1054 actionem
384 987 454 1054 hoc
469 986 579 1053 modo
595 988 905 1073 interpretandam
922 1007 1010 1071 esse,
1034 988 1149 1056 altera
1168 991 1272 1058 docet
1295 1012 1370 1058 am-

185 1097 300 1183 phora
337 1097 527 1165 Gerbardi.
581 1099 661 1164 Iam
693 1118 778 1165 vcro
814 1119 930 1182 nunc,
971 1104 1164 1186 postquam
1201 1103 1369 1170 victimae

184 1212 314 1294 partes,
339 1211 415 1276 deis
432 1210 584 1292 oblatae,
608 1211 818 1277 combustae
841 1213 937 1292 sunt,
962 1246 1001 1257 -
1024 1231 1141 1298 neque
1165 1201 1367 1298 quidquam

185 1320 368 1406 reliquum
390 1325 457 1404 est,
483 1321 554 1387 nisi
578 1341 617 1386 os
642 1341 788 1386 sacrum
811 1359 850 1366 -
874 1323 978 1407 pueri
1000 1342 1023 1387 a
1046 1323 1175 1389 dextra
1196 1329 1298 1409 parto
1322 1325 1369 1391 ad

185 1451 288 1498 aram
311 1431 502 1513 accedunt,
530 1434 570 1496 nt
592 1432 742 1514 viscera,
768 1430 841 1498 alia
863 1433 900 1497 in
923 1433 1071 1499 veribus
1098 1434 1273 1519 praeficta
1295 1439 1368 1502 tor-

187 1547 299 1624 reant,
324 1562 416 1628 quae
439 1543 555 1628 epulis
578 1544 817 1609 convivarum
832 1547 1014 1628 parentur.
1052 1543 1218 1631 Denique
1235 1547 1368 1613 tibicen

185 1655 377 1735 invenitur,
402 1654 465 1738 qui
487 1653 665 1719 sacrificio
688 1654 786 1720 tibiis
809 1673 943 1721 canens
961 1654 1087 1720 adesse
1108 1655 1207 1724 solet.
1225 1693 1263 1700 -
1283 1655 1368 1736 oui-

185 1765 252 1830 bus
269 1763 465 1851 amphoriS,
489 1783 579 1851 quas
600 1785 627 1831 e.
644 1784 676 1847 g.
692 1763 857 1831 hocloco
874 1766 1074 1847 t1·actavi‚‘²)
1096 1766 1203 1851 plane
1220 1787 1367 1854 respon-

185 1875 271 1940 dent
292 1873 446 1941 Homeri
468 1894 594 1941 versus
617 1874 704 1956 liizl)

337 2005 413 2065 καῖε
436 1992 528 2064 dant
552 2001 662 2089 οχιζῇς
686 1992 702 2066 d
725 2001 833 2086 γέρων,
858 2000 915 2066 ἐπὶ
939 1993 1112 2068 δἀἴδοπα
1137 1997 1227 2069 οἶνον

339 2112 439 2195 laida·
464 2111 530 2176 νέοι
553 2111 589 2175 δὲ
611 2102 693 2196 παρ’
720 2101 818 2176 adada
840 2108 912 2194 ἔχον
934 2109 1144 2197 πεμπώβολα
1159 2113 1275 2200 χερσίν,

269 2241 351 2308 Ηοο
372 2242 452 2308 locc
475 2262 594 2328 parma
617 2242 737 2309 dicam
761 2243 805 2309 de
829 2263 872 2309 ea
887 2243 1069 2326 libatione,
1094 2265 1286 2331 quaecum
1310 2265 1365 2311 sa-

184 2353 320 2420 crificio
338 2355 532 2420 coniuncta
553 2355 590 2419 in
612 2355 733 2420 coenis
757 2354 947 2420 cotidianis
967 2353 1085 2420 fiebat.
1124 2355 1206 2422 Non
1224 2376 1366 2442 semper

106 2491 110 2498 ⁴
185 2465 372 2546 animalia,
397 2466 550 2550 quaein
573 2467 693 2532 coenis
716 2463 905 2530 hominum
928 2466 1049 2532 occisa
1071 2470 1167 2548 sunt,
1192 2468 1366 2533 caerimo-

187 2575 256 2641 niis
278 2574 458 2660 religiosis
480 2575 585 2641 factis
609 2575 798 2640 immolata
820 2579 983 2662 tostaque
1007 2595 1099 2659 esse,
1126 2576 1365 2658 Be1·nl1a1·di⁴)

185 2686 379 2768 contendit,
403 2706 486 2753 cum
509 2685 578 2752 hae
600 2706 782 2772 nusquam
805 2690 1108 2754 commemoratae
1131 2688 1203 2753 sint
1224 2689 1263 2754 in
1286 2710 1364 2755 coc-

184 2797 240 2862 nis
263 2817 467 2882 procorum.
505 2796 639 2863 Tamen
662 2817 744 2863 mea
767 2798 914 2882 quidem
941 2799 1118 2864 sententia
1140 2797 1230 2865 haec
1254 2802 1365 2867 sacri-

182 2907 267 2974 ficia
293 2907 391 2975 facta
418 2927 495 2974 esse
523 2909 691 2974 omnibns
718 2909 940 2993 temporibus
968 2911 1096 2992 negari
1119 2930 1193 2975 non
1219 2912 1364 2996 poterit3

183 3038 299 3104 neque
323 3019 421 3105 quod
442 3040 516 3084 non
539 3039 681 3104 semper
702 3018 788 3085 illae
811 3019 1051 3086 caerimoniae
1078 3040 1363 3087 commemoran-

182 3133 250 3212 tur,
273 3130 358 3196 inde
382 3130 552 3197 concludi
567 3134 698 3216 potest,
722 3150 783 3197 eas
807 3129 989 3196 adhibitas
1009 3152 1082 3197 non
1103 3151 1189 3198 esse.
1216 3169 1251 3178 —
1277 3132 1362 3200 Tale

183 3240 404 3308 sacrificium
431 3243 468 3307 in
495 3261 609 3307 coena
635 3241 771 3308 factum
800 3242 933 3327 optime
959 3242 1143 3308 illustrant
1168 3242 1363 3310 Menandri

182 3352 303 3419 verba.
343 3351 487 3432 (Koclrz,
503 3350 637 3418 Cornic.
663 3352 757 3418 attic.
777 3351 906 3435 fragm.
923 3351 987 3417 ΠΙ.
1012 3373 1045 3417 n.
1064 3357 1125 3418 292
1142 3373 1174 3439 p.
1192 3352 1262 3435 Sil:
1287 3351 1363 3416 Μέ-

166 3460 314 3545 νανδρος
341 3464 375 3524 ἐν
396 3455 523 3525 Κόλακι
547 3456 602 3525 τὸν
631 3464 701 3536 τοῖς
732 3461 960 3545 τετραδισταῖς
971 3462 997 3545 ⁵)
1026 3456 1274 3543 διακονούμενον
1294 3459 1360 3544 μα’-

181 3594 286 3655 γειρον
302 3569 335 3634 ἐν
349 3572 392 3662 τῇ
406 3573 463 3658 τῆς
478 3571 649 3658 πανδήμου
663 3561 862 3657 Ἀφροδίτης
879 3566 974 3658 ἑορτῇ
992 3575 1086 3636 ποιεῖ
1103 3570 1198 3636 ταυτὶ
1214 3571 1361 3658 λέγοντα·

270 3796 288 3854 ¹)
306 3793 347 3846 De
358 3793 477 3846 Victoria
494 3793 522 3847 in
539 3793 675 3847 sacrificiis
692 3794 862 3847 ministrante
874 3795 904 3849 cl.
919 3793 1057 3864 Stephani:
1077 3795 1279 3864 Compterendu
1295 3799 1361 3852 1873

261 3880 277 3932 2
346 3920 352 3933 .

180 3898 205 3949 p.
228 3879 349 4028 183⁸&
368 3963 439 4017 Elite
457 3962 598 4032 ce'ramogr.
617 3964 650 4016 II.
671 3965 727 4018 105.

266 4067 509 4134 &bamb

266 4171 452 4239 blcpb

265 4273 286 4340 ⁵)
306 4269 351 4340 „oi
368 4269 569 4343 τετραδίσται“
588 4275 663 4326 erant
681 4272 867 4338 adolescentes,
887 4276 933 4344 qui
957 4278 1052 4344 quarto
1076 4293 1179 4344 ‹puoque
1201 4277 1299 4330 mensis
1319 4277 1362 4330 die

178 4358 376 4418 conveniebant,
394 4362 426 4411 nt
443 4358 527 4428 epulis
544 4359 702 4412 fruerentur.
739 4357 777 4413 cf.
796 4358 909 4428 Hesych,
929 4377 949 4414 s.
977 4379 1000 4417 v.
1020 4362 1204 4431 τετραδίσται
1219 4377 1224 4388 ·
1241 4357 1361 4425 σύνοδος

180 4440 252 4497 νέων
273 4442 406 4498 ουννθων
425 4437 498 4498 κατὰ
519 4440 644 4512 τετράδα
664 4443 811 4515 γινομένη.

1187 4533 1203 4584 ⁸2
