3316 5200
642 475 855 540 ..33-

145 682 321 749 corpora,
343 683 388 729 ne
405 663 487 750 quis
501 661 691 729 hominum
714 681 758 730 ea
772 664 908 747 tangat,
931 662 1063 748 optime
1078 662 1163 746 igne
1186 657 1341 728 emedio

142 773 235 840 tolli
255 772 513 841 intellexerunt
532 770 712 856 Graeci,¹)
734 771 773 839 id
795 771 895 859 quod
919 772 1014 839 inter
1035 770 1206 839 sacrificii
1229 779 1341 844 caeri-

144 885 299 952 monias
321 887 507 970 receptum
531 885 593 951 est.
617 917 657 928 -—
681 880 777 963 Quin
800 883 910 949 etiam
932 882 1164 967 contendam,
1187 906 1342 974 corpora

145 995 418 1080 posterioribus
449 1013 593 1080 quoque
624 993 847 1079 temporibus
878 993 1031 1059 mortuis
1059 992 1146 1060 data
1166 1015 1240 1062 non
1263 1018 1341 1066 esse

147 1105 249 1173 cibo.
294 1103 393 1172 Nam
426 1103 497 1171 hoc
528 1124 573 1170 ex
601 1103 769 1170 omnibus
800 1102 873 1170 illis
903 1103 1008 1186 locis,
1040 1103 1104 1171 ubi
1135 1108 1340 1175 accuratius

148 1215 378 1283 describitur
400 1214 632 1296 caerimonia,
655 1213 814 1280 dilucide
837 1214 1131 1298 cognoscendum
1153 1235 1231 1283 esse
1253 1222 1340 1305 puto

149 1329 309 1413 excepta
322 1325 389 1392 illa
402 1324 672 1392 Plataeensium
687 1324 958 1407 consuetudine,
979 1344 1090 1411 quam
1105 1345 1178 1393 non
1193 1327 1341 1396 inferias

150 1437 222 1504 sed
245 1435 394 1522 epulum
414 1433 626 1502 habendum
649 1453 726 1501 esse
750 1453 860 1520 supra
882 1435 1047 1521 exposui;
1070 1455 1156 1502 nam
1178 1435 1247 1505 hoc
1267 1439 1342 1506 iam

150 1545 244 1614 hinc
266 1545 393 1628 elucet,
417 1546 516 1632 quod
539 1544 674 1613 archon
702 1545 780 1631 ipse
802 1545 930 1611 vinum
952 1545 1043 1613 bibit
1065 1545 1236 1614 heroibus
1259 1570 1341 1637 pro-

150 1658 334 1744 pinatum,
355 1657 395 1723 id
417 1656 516 1743 quod
537 1655 618 1722 fieri
636 1674 709 1722 non
732 1658 850 1742 potest
871 1655 1009 1722 inferiis
1024 1658 1177 1724 mortuis
1200 1659 1340 1727 oblatis.

153 1765 276 1847 Quem
299 1767 396 1834 diem
416 1767 549 1834 festum
570 1767 727 1834 similem
751 1765 928 1834 honorem
949 1766 1160 1835 habendum
1188 1789 1265 1838 esse
1287 1773 1341 1839 iu-

154 1878 251 1962 dico,
276 1877 395 1964 qualis
416 1877 486 1945 fuit
500 1877 663 1961 Athenis,
687 1877 768 1944 aliis
790 1877 890 1959 locis,
913 1877 977 1944 ubi
1000 1879 1126 1965 optimi
1148 1881 1250 1948 urbis
1273 1882 1343 1949 viri

153 1990 197 2056 in
218 1992 394 2076 prytaneo
409 1988 566 2076 hospitio
581 1989 864 2075 excipiebantur.
882 2024 922 2032 -
939 1987 1012 2058 Sed
1034 1991 1157 2058 omnia
1179 2012 1223 2058 ea
1244 1994 1342 2059 testi-

154 2101 291 2181 monia,
323 2120 417 2186 quac
447 2099 597 2168 inferias
624 2099 822 2181 continent,
854 2118 975 2166 meam
1006 2100 1213 2187 opinionem
1234 2102 1342 2188 plane

155 2209 321 2294 firmant,
349 2214 389 2277 ut
410 2209 662 2293 Philostratus,
670 2209 697 2292 ²)
725 2210 788 2296 qui
811 2209 855 2276 de
878 2209 1058 2277 sacrificio
1082 2209 1220 2278 Achilli
1241 2211 1343 2280 heroi

158 2321 282 2388 oblato
304 2325 444 2400 narrat,
467 2322 585 2388 fossas
607 2340 684 2388 esse
706 2320 821 2387 factas
843 2321 881 2387 in
903 2320 1059 2405 tumulo,
1086 2323 1124 2388 in
1152 2342 1243 2410 quas
1266 2325 1343 2391 ani-

157 2432 312 2499 malium
335 2433 485 2517 sanguis
507 2432 606 2498 fluat.
652 2430 683 2498 E
704 2431 910 2498 Pausaniae
931 2432 1012 2498 loco
1021 2432 1045 2514 ³)
1069 2437 1229 2520 apparet,
1250 2433 1344 2502 nihil

158 2544 315 2610 missum
341 2561 418 2610 esse
445 2543 483 2610 in
510 2542 601 2610 tales
623 2542 754 2624 fossas,
777 2542 848 2609 nisi
870 2542 1100 2628 sanguinem:
1131 2541 1191 2606 καὶ
1214 2534 1344 2628 ἄγοντες

162 2647 262 2736 ἱερεῖα
286 2648 317 2716 οἱ
344 2655 471 2729 Φωκεῖς
493 2647 531 2716 τὸ
552 2649 612 2734 μὲν
631 2641 716 2734 αἷμα
738 2641 784 2716 δι’
809 2640 896 2738 ὀπῆς
910 2648 1075 2732 ἐσχέουσιν
1096 2650 1129 2730 ἐς
1150 2648 1206 2718 τὸν
1228 2647 1342 2740 τάφον,

161 2759 201 2826 τὰ
224 2761 260 2827 δὲ
282 2760 360 2847 κρέα
383 2758 485 2850 ταύτῃ
501 2759 617 2849 σφίσιν
640 2757 779 2827 ἀναλοῦν
800 2759 1045 2849 καθέστηκεν.4)
1082 2763 1163 2833 Ηοο
1177 2765 1217 2832 in
1232 2767 1344 2834 sacri-

161 2875 243 2943 ficio
259 2875 471 2962 Xanthippo
493 2861 596 2944 heroi
616 2875 712 2942 facto
735 2875 800 2942 illa
814 2875 968 2960 vestigia
988 2876 1107 2942 inesse
1129 2879 1227 2963 puto,
1250 2897 1343 2963 quae

161 2987 288 3054 iamin
305 2983 488 3073 Odysseae
511 2986 591 3055 loeo
606 2987 822 3070 invenimus,
845 2987 910 3054 ubi
928 2988 1082 3054 mortuis
1096 3007 1169 3054 non
1186 2988 1342 3070 offertur,

161 3099 232 3164 nisi
247 3099 407 3182 sanguis
431 3099 643 3185 corporibus
664 3097 911 3184 aliquomodo
927 3097 1067 3164 ablatis.
1106 3097 1210 3166 Idem
1232 3099 1343 3183 signi·

161 3208 265 3275 ficari
286 3207 344 3275 his
367 3209 572 3276 Pausaniae
600 3209 721 3275 verbis
729 3207 768 3292 ⁷’):
801 3205 930 3290 λέγεται
956 3203 992 3271 δὲ
1014 3205 1072 3270 καὶ
1094 3197 1138 3284 ὡς
1159 3203 1277 3273 ἔθυσεν
1297 3204 1344 3285 εἰς

161 3320 217 3389 τὸν
243 3315 368 3403 βόθρον
398 3320 444 3402 τι)
472 3315 618 3394 Πέλοπι,
650 3338 716 3404 pro
751 3321 849 3385 certo
880 3317 1012 3399 habeo;
1044 3338 1131 3386 nam
1155 3319 1265 3388 huius
1291 3322 1345 3388 rei

164 3437 256 3506 alius
280 3431 420 3499 exsistit
432 3432 547 3498 testis:
571 3429 801 3510 Pindarusr)
825 3430 888 3514 qui
909 3427 1036 3516 Pelopi
1051 3428 1153 3498 heroi
1170 3451 1215 3499 ea
1235 3433 1345 3500 sacri·

161 3547 247 3614 ficia
277 3544 400 3610 oblata
430 3561 508 3608 esse
540 3543 813 3621 commemorat,
846 3559 938 3625 quae
970 3534 1185 3620 αἱμακουρίαι
1213 3562 1345 3609 vocan-

162 3661 230 3725 tur.
276 3655 336 3721 Ad
368 3653 524 3720 eundem
556 3671 702 3718 versum
733 3649 930 3717 scholiasta
955 3649 1045 3718 haec
1073 3652 1235 3718 adnotat:
1266 3641 1341 3715 κατ’

163 3759 312 3830 ἐνιαυτὸν
334 3757 455 3838 πάντες
477 3757 507 3826 οἱ
532 3758 564 3824 ἐν
586 3761 624 3846 τῇ
648 3755 891 3844 Πελοποννήσῳ
921 3755 1039 3847 ἔφηβοι
1064 3764 1098 3824 ἐν
1128 3769 1173 3846 τῷ
1194 3763 1252 3825 τοῦ
1274 3759 1344 3826 Πέ-

254 4023 272 4083 1)
291 4021 329 4076 cf.
348 4020 441 4074 Rohde
459 4020 476 4074 l.
495 4036 559 4089 cp
581 4017 638 4072 139.

253 4108 274 4174 ²)
291 4107 397 4160 Heroic.
416 4103 487 4156 XIX.
506 4122 531 4173 p.
551 4103 609 4156 741.

251 4193 272 4258 ³)
291 4192 324 4246 X.
342 4192 366 4245 4.
387 4191 427 4245 10.

252 4281 272 4343 1)
292 4278 330 4333 cf.
350 4275 472 4344 Stengel:
493 4274 632 4336 ,Hermes“
655 4273 721 4327 1892
741 4291 766 4343 p.
787 4273 843 4326 166.

252 4365 272 4428 ⁵)
291 4361 324 4415 V.
346 4362 385 4417 13.
404 4362 429 4414 2.

252 4451 272 4516 ⁰)
291 4448 396 4517 Olymp.
418 4446 438 4499 1.
457 4464 493 4500 vs.
512 4447 546 4500 90
564 4463 621 4515 sqq.
