3316 5200
758 485 969 546 -44-

276 667 489 750 habebatur,
506 668 699 751 sedetiam,
715 669 778 754 qui
791 687 963 752 agrorum
972 669 1175 735 ubertatem
1190 666 1332 735 colebat
1346 671 1454 755 atque

276 780 423 846 omnino
446 779 581 846 bonam
602 778 785 845 fortunam
807 779 1005 866 praebebat
1026 778 1244 846 hominibus.
1289 777 1360 846 Hio
1382 779 1455 846 Ro-

275 909 375 956 mam
396 889 594 956 translatus
610 888 734 955 Bonus
748 888 910 956 Eventus
929 889 1181 957 celebrabatur
1199 889 1330 956 iisdem
1351 910 1455 977 prae-

277 1000 374 1066 ditus
385 1001 589 1083 virtutibus,
606 1001 738 1087 quibus
753 988 900 1083 Ἀγαθίς
915 994 1356 1082 baturato—Graecorum
1371 1020 1455 1069 oon-

276 1111 485 1178 suetudines
510 1110 581 1178 hao
602 1111 642 1178 in
667 1112 785 1198 prima
811 1111 984 1178 libatione
1006 1111 1165 1198 profecto
1189 1114 1311 1178 varias
1331 1112 1453 1194 fuisse,

277 1223 310 1288 ei
336 1223 553 1308 scriptorum
576 1222 648 1290 looi
671 1223 934 1306 demonstrant,
964 1223 1026 1310 qui
1049 1226 1192 1290 exstant
1214 1223 1453 1291 delibatione

278 1322 395 1400 deae‘
400 1327 521 1417 Υγίεια
557 1332 722 1400 Narnt
682 1337 722 1398 ut
744 1335 886 1400 antea
876 1335 1095 1400 invenimus:
1124 1322 1276 1418 Ἀγαθοῦ
1301 1327 1457 1415 δαίμονος

276 1437 509 1572 μετάνιπτρον,
531 1445 583 1511 ita
604 1443 789 1511 Nicostrat
775 1445 864 1527 urst)
888 1444 988 1511 dicit:
1022 1431 1267 1525 Μετανιπτρίδ’
1292 1441 1457 1528 αὖτῴς
1401 1455 1457 1530 της

274 1544 464 1639 Ὑγιείας)
451 1549 564 1638 έγχεον.
623 1552 705 1635 Qua
732 1556 776 1622 de
806 1576 846 1622 re
885 1555 989 1621 11111111
1020 1554 1084 1622 alii
1118 1555 1217 1623 idem
1254 1555 1421 1623 referunt.
1430 1557 1456 1636 3)

279 1665 352 1734 Sed
382 1665 468 1734 huic
501 1666 704 1752 quaestioni
735 1665 839 1732 affert
869 1666 1043 1732 momenti
1074 1666 1319 1752 aliquantum,
1357 1664 1456 1754 quod

279 1777 367 1845 dioit
387 1776 520 1844 Pollux
537 1775 611 1857 (VI.
632 1777 721 1858 100):
749 1765 768 1861 ἡ
791 1773 827 1838 δέ
848 1772 1063 1857 μετανιπτρίς
1084 1770 1179 1854 κύλιξ
1199 1770 1297 1854 ἐστίν,
1320 1765 1359 1862 ἣν
1374 1775 1457 1857 μετὰ

278 1887 316 1952 τὸ
340 1875 585 1970 ἀπονίψασθαι
607 1879 803 1968 ἐλάμβανον·
835 1886 874 1950 τὸ
900 1883 937 1950 δέ
962 1876 1066 1967 ύνομα
1094 1883 1131 1950 οὐ
1156 1886 1214 1950 τοῦ
1235 1881 1321 1950 κατὰ
1343 1886 1381 1951 τὸ
1403 1881 1457 1951 έκ-

278 2022 383 2080 πιομα
414 1997 589 2084 σχήματος,
622 1987 706 2060 ἀλλὰ
736 2008 793 2083 τῆς
822 1983 1004 2074 τάξεως.
983 2021 1022 2083 ην
1052 1995 1089 2062 δέ
1118 1995 1176 2060 καὶ
1200 1986 1385 2080 Yyatag‘
1376 1991 1455 2079 ιερά,

280 2210 471 2302 δαίμονος
456 2244 473 2284 ο
495 2215 578 2302 μετὰ
600 2215 660 2297 τάς
681 2210 896 2305 τραπέζας”
871 2243 1077 2302 ακρατυς..

367 2331 433 2399 His
455 2334 494 2399 in
515 2333 637 2400 verbis
661 2333 896 2418 distinguitur
921 2324 1015 2408 κύλιξ
1035 2271 1261 2417 μετανιπτρίς,
1289 2352 1382 2419 quas
1404 2336 1459 2399 est

277 2433 428 2527 Ὑγιείας,
452 2464 475 2510 a
489 2444 661 2511 libatione
681 2433 831 2525 Ἀγαθοῦ
853 2438 1016 2523 δαίμονος,
1040 2463 1133 2530 quaa
1148 2444 1190 2510 fit
1210 2437 1292 2524 μετὰ
1309 2437 1369 2518 τὰς
1383 2465 1461 2526 τρα-

280 2552 394 2634 πέζας.
439 2555 542 2622 Idem
569 2554 640 2622 alio
662 2553 743 2622 looo
767 2553 838 2634 (VI.
863 2555 930 2636 30),
962 2555 1026 2622 ubi
1057 2555 1102 2622 de
1133 2555 1245 2622 variis
1277 2557 1460 2643 compota-

280 2666 388 2734 tionis
410 2665 573 2733 moribus
597 2663 750 2749 disserit,
773 2664 864 2732 haao
886 2665 1007 2732 refert:
1033 2662 1092 2727 καὶ
1114 2658 1218 2741 πότος
1238 2658 1461 2749 μεταδόρπιος

281 2773 339 2840 καὶ
360 2769 456 2854 κύλιξ
475 2773 689 2860 μετανιπτρὶς
710 2765 729 2861 ἡ
752 2771 812 2838 ἐπὶ
836 2775 960 2859 πᾶσιν,
993 2796 1086 2862 quae
1108 2777 1221 2844 verba
1243 2774 1463 2863 respondent

281 2889 368 2956 illis:
389 2882 471 2970 μετὰ
494 2882 554 2962 τὰς
574 2884 742 2968 τραπέζας
764 2891 798 2955 ot
812 2883 906 2964 κύλιξ
918 2883 1132 2970 μετανιπτρίς
1148 2887 1223 2972 (VI.
1243 2893 1326 2968 100).
1363 2887 1463 2956 Fieri

281 3019 388 3086 posse
410 3019 549 3082 censeo,
572 3002 612 3065 ut
632 2998 690 3065 his
712 2999 802 3066 loois
826 2998 963 3066 dictum
986 3000 1045 3082 sit,
1070 3000 1161 3065 duaa
1184 2999 1320 3067 effundi
1341 2999 1463 3067 libati-

284 3129 381 3194 ono8‚
404 3110 557 3176 alteram
570 3104 652 3190 μετὰ
667 3103 727 3184 τάς
741 3106 906 3190 τραπέζας
920 3108 979 3176 vel
992 3102 1213 3194 μεταδίρπιος
1234 3103 1345 3187 πότος,
1368 3129 1463 3198 quaa

283 3225 338 3290 ost
355 3209 507 3305 Ἀγαθοῦ
528 3215 684 3301 δαίμονος
702 3220 855 3288 alteram
877 3217 1093 3301 μετανιπτρίς
1105 3209 1255 3304 Ὑγιείας.
1291 3221 1463 3288 Fortasse

285 3333 333 3400 ad
354 3331 422 3398 has
445 3332 537 3398 duas
559 3332 750 3399 libationes
774 3334 937 3418 spectant
959 3332 1071 3399 verba
1093 3331 1362 3418 Antiphanis:⁴)

438 3461 475 3533 τύ
498 3461 656 3554 ποτήριόν
675 3491 733 3549 μοι
755 3462 793 3532 τὸ
815 3465 898 3551 μέγα
921 3464 1102 3553 προσφέρει
1124 3461 1243 3550 λαβών.

437 3571 608 3664 ἐνεχεάμην
630 3568 770 3662 άκρατον
792 3568 862 3658 υύχί
884 3578 1011 3666 παιδιᾷ

438 3683 586 3766 κυάθους
607 3689 697 3753 θεῶν
716 3712 751 3752 τε
772 3686 831 3752 καί
853 3689 999 3754 θεαινῶν
1020 3683 1169 3771 μυρίους·

438 3788 545 3865 ἔπειτ>
569 3796 629 3863 ἐπὶ
650 3793 779 3875 τούτοις
800 3800 888 3864 πᾶσι
909 3800 967 3886 τῆς
989 3799 1105 3886 σεμνῆς
1125 3799 1210 3875 θεᾶς

439 3908 578 3975 καὶτοῦ
599 3904 797 3996 γλυκυτάτου
817 3907 981 3992 βασιλέως
1003 3905 1181 3995 διμοιρίαν.

290 4051 493 4059 ...—-—-

376 4117 395 4184 ¹)
413 4115 452 4172 Cf.
471 4114 582 4170 Preller:
601 4115 677 4170 Rom.
695 4115 822 4184 Mythol.³
840 4115 875 4168 11.
893 4132 918 4185 p.
938 4116 997 4172 257.
1015 4115 1039 4170 8.

373 4204 395 4270 ²)
412 4203 486 4257 Koolr
504 4200 537 4254 ll.
556 4219 581 4272 p.
600 4201 658 4255 220.
677 4219 703 4255 11.
721 4202 745 4256 3.

373 4289 396 4354 ³)
414 4287 451 4343 Gi.
471 4287 586 4342 Philhet
600 4304 641 4357 ap.
655 4287 737 4341 Koolr.
755 4287 789 4340 ΙΙ.
808 4288 859 4342 230
870 4305 896 4342 n.
911 4288 933 4341 l.
948 4287 1058 4342 Calliam
1070 4287 1163 4352 (Koolr.
1176 4286 1197 4340 1.
1216 4287 1273 4340 695.
1293 4304 1318 4340 n.
1337 4287 1372 4352 6.)
1389 4286 1470 4340 Auti-

287 4375 402 4446 phonem
419 4373 511 4440 (Koek.
530 4373 564 4426 11.
581 4391 609 4444 p.
627 4374 661 4428 72
679 4392 705 4427 n.
726 4375 793 4438 149.)

336 4459 338 4465 ’
374 4460 395 4528 ⁴)
412 4460 520 4527 Didym.
540 4459 571 4514 11.
589 4459 606 4513 3
624 4459 715 4526 (Koolr.
736 4459 770 4516 H.
788 4477 813 4530 p.
831 4460 866 4513 44
883 4477 909 4513 n.
928 4457 980 4525 81).
