3316 5200
796 513 1010 576 ..30-

315 698 422 780 Quod
447 703 487 765 ut
512 698 641 764 molius
669 701 923 782 cognoscatur,
955 698 1065 764 ctiam
1093 696 1156 764 alii
1177 697 1251 765 loci
1273 698 1396 765 afferri
1418 718 1507 784 pos-

315 813 413 890 sunt3
451 811 491 876 ut
512 807 717 878 Scholiasta
739 808 788 875 ad
809 807 934 894 Eurip.
959 807 1073 875 Orost.
1099 827 1149 874 vs.
1177 811 1269 890 1187,
1303 808 1368 876 ubi
1393 813 1507 895 pocta

315 921 403 988 dicit
434 920 479 987 do
501 917 656 1001 Helena,
688 938 781 1005 quac
809 919 1089 1005 appropinquat:
1121 913 1201 996 χοᾶς
1231 908 1504 984 καταπνείουσα

315 1027 398 1115 ὑπὲρ
418 1029 540 1117 μητρὸς
561 1025 656 1112 τάφφ
684 1029 774 1096 haec
802 1029 965 1096 adnotat:
994 1016 1147 1114 ἀπῆλθεν
1168 1024 1215 1105 εἰς
1237 1029 1294 1093 τὸν
1315 1023 1424 1115 τάφον
1446 1032 1508 1116 τῆς

314 1140 611 1226 Κλυταιμνήστρας,
635 1128 728 1216 ὅπως
751 1137 834 1225 αὐτῇ
856 1134 978 1224 σπείσῃ
1001 1136 1166 1220 εὐμένειαν
1187 1139 1273 1222 πρὸς
1291 1129 1422 1227 Ἑλένην
1444 1139 1506 1205 καί

320 1251 486 1317 Μενέλαον
508 1247 598 1330 ἔχειν.
637 1249 826 1337 Sophoclis
850 1249 981 1317 Eloctr.
1006 1270 1057 1317 vs.
1074 1255 1116 1318 82
1134 1270 1211 1339 sqq.
1236 1252 1372 1318 similia
1389 1254 1507 1338 signi-

316 1363 440 1432 ficant:

561 1468 662 1557 μηδὲν
683 1469 842 1552 πρόσθεν,
865 1461 887 1555 ἢ
909 1466 950 1534 τά
975 1466 1105 1549 Λοξίου

520 1571 705 1667 πειρώμεθ’
729 1576 842 1666 ἔρδειν,
866 1573 956 1646 κάπό
979 1571 1074 1646 τῶνδ’
1100 1572 1293 1668 ἀρχηγετεῖν,

521 1687 649 1777 πατρὸς
669 1689 797 1772 χέοντος
819 1687 949 1776 λουτρά.
971 1703 1079 1758 ταῦτα
1102 1689 1163 1778 γάρ
1186 1692 1278 1779 φέρει

521 1798 612 1889 νικήν
626 1794 657 1868 τ’
675 1792 729 1890 ἐφ’
747 1793 826 1889 ἡμῖν
847 1801 906 1867 καὶ
928 1797 1047 1888 κράτος
1068 1805 1132 1868 τιῦν
1153 1802 1335 1890 δρωμένων.

401 1941 470 2010 His
487 1943 651 2010 versibus
675 1940 833 2009 dilucido
855 1942 1005 2028 probari
1020 1962 1159 2026 conseo,
1183 1942 1311 2009 cadom
1327 1963 1372 2010 ox
1388 1963 1508 2010 causa

316 2055 469 2124 mortuis
491 2053 626 2120 libasse
650 2050 824 2134 Graecos,
850 2072 923 2138 qua
946 2052 1022 2119 dois
1045 2054 1200 2139 superis,
1229 2073 1251 2118 a
1274 2053 1407 2140 quibus
1429 2052 1505 2122 hac

317 2186 356 2233 re
379 2164 559 2247 diffommt,
583 2163 682 2251 quod
703 2183 829 2230 manes
851 2161 1060 2231 hominibus
1082 2184 1156 2231 non
1180 2166 1256 2230 tam
1278 2163 1376 2231 bona
1395 2185 1504 2251 prac-

317 2276 412 2358 borc,
436 2294 547 2362 quam
561 2272 661 2342 mala
674 2273 814 2340 mittero
831 2271 981 2341 Graccis
996 2273 1223 2341 videbantur.
1263 2272 1336 2343 Sed
1348 2275 1388 2340 in
1403 2295 1505 2342 mor-

318 2392 464 2454 tuorum
486 2383 721 2453 libationibus
744 2383 853 2450 ctiam
877 2382 977 2450 aliud
998 2382 1158 2465 infuisse,
1182 2404 1227 2450 ox
1246 2383 1311 2450 illa
1324 2402 1414 2452 voce
1438 2405 1505 2472 ap-

317 2499 433 2586 parot,
462 2514 554 2582 quac
582 2513 688 2581 sacpo
716 2493 923 2561 adhibetur:
948 2486 1076 2576 λουτρά.
1121 2494 1176 2561 Do
1199 2514 1273 2581 qua
1295 2493 1505 2563 Scholiasta

318 2608 367 2675 ad
389 2605 556 2694 Sophocl.
580 2603 711 2673 Elcctr.
728 2624 779 2670 vs.
798 2607 848 2670 84.
867 2604 936 2672 hoc
953 2604 1110 2672 disserit:
1134 2598 1263 2689 πατρὸς
1275 2601 1404 2684 χέοντος
1425 2605 1503 2670 λοι·-

317 2711 588 2803 τρά]σπένόοντες
602 2716 648 2799 τῴ
670 2709 783 2797 πατρί,
806 2709 866 2791 τάς
887 2710 1087 2796 τοῦπατρὸς
1107 2710 1186 2795 χοάς
1207 2715 1382 2795 τελοῦντες,
1411 2715 1501 2782 διότι

320 2824 355 2892 αλ
378 2822 501 2892 θυσίαι
524 2821 560 2889 αἱ
584 2820 666 2910 πρὸς
687 2820 808 2890 ἐκεῖνον
822 2822 882 2889 ἐπὶ
896 2826 987 2910 καλῷ
1009 2820 1133 2889 ἑαυτῶν
1147 2825 1343 2913 γενήσεσθαι
1358 2821 1501 2908 ἔμελλον,

318 2934 375 3004 διά
399 2939 495 3004 τοῦτο
517 2931 635 3022 λοιπρά
658 2935 780 3013 ταύτας
801 2936 903 3015 καλεῖ,
927 2925 971 3011 ὡς
993 2930 1166 3019 καθάρσια
1181 2939 1240 3002 τοῦ
1261 2931 1457 3020 μιάσματος,
1483 2928 1512 3004 ὃ·

318 3046 450 3133 ἔμελλον
471 3048 678 3136 κτήσασθαι,
701 3041 731 3112 εἰ
753 3047 1045 3134 Κλυταιμνήστραν
1067 3045 1126 3111 καὶ
1147 3043 1324 3134 Αἴγισθον
1347 3037 1501 3119 ἀνέλοιεν.

318 3163 362 3248 μὴ
384 3155 447 3246 γάρ
470 3149 521 3224 ὅτι
537 3148 574 3223 οὗ
589 3154 715 3224 δίκαιοι
737 3144 821 3243 ἦσαν
843 3143 933 3222 οὗτοι
953 3152 1119 3244 τεθνάναι,
1143 3148 1217 3223 ἀλλ’
1241 3149 1295 3223 δ’τι
1310 3160 1381 3237 πᾶς
1402 3154 1505 3243 φόνος

318 3263 450 3354 μίασμά
473 3267 569 3335 ἐστιν.
612 3270 724 3338 Recto
755 3270 894 3337 iudicat
925 3269 1135 3354 scholiasta,
1167 3263 1286 3354 λουτρά
1312 3272 1424 3339 fuisse
1446 3273 1503 3340 lu-

319 3388 449 3466 strum,
481 3402 552 3469 quo
574 3382 616 3464 is,
648 3381 712 3469 qui
738 3380 897 3467 pollutus
920 3384 988 3463 cst,
1020 3383 1126 3468 quasi
1152 3382 1282 3449 balneo
1309 3387 1501 3469 purgatum

320 3500 357 3562 at
379 3514 501 3562 orrarc
523 3513 607 3560 oum
622 3511 761 3574 censeo,
785 3511 868 3558 cum
884 3490 953 3558 hoo
970 3491 1070 3559 ducit
1092 3492 1140 3559 ad
1156 3490 1321 3560 Orestem
1344 3496 1380 3561 ct
1397 3493 1502 3562 Eloc-

319 3611 423 3674 tram.
461 3603 590 3689 Neque
607 3604 703 3670 onim
719 3602 789 3670 sibi
802 3601 961 3669 fundunt
975 3594 1095 3685 λουτρά
1101 3656 1108 3684 ,
1126 3602 1190 3670 sod
1204 3604 1308 3690 patn',
1325 3605 1388 3690 qui
1403 3605 1503 3691 quod

318 3716 526 3785 intoffectus
550 3717 616 3797 cst,
639 3713 793 3781 maculis
817 3733 985 3800 aspersus
1013 3717 1075 3780 ost.
1099 3750 1141 3759 -
1247 3713 1378 3781 Exstat
1398 3715 1502 3783 locus

320 3829 463 3914 diguus,
486 3825 549 3913 qui
565 3824 769 3892 accuratius
789 3827 975 3892 tractatur:
998 3823 1216 3892 Plutarchus
1237 3827 1334 3893 onim
1358 3825 1402 3893 do
1418 3825 1502 3893 Pla-

319 3939 643 4006 taeensiummoro
675 3935 834 4022 quodam
866 3935 956 4002 hacc
988 3935 1062 4002 foro
1085 3935 1239 4017 referit:
1272 3936 1315 4002 In
1338 3937 1502 4022 singulos

320 4069 435 4117 annos
456 4067 591 4135 pompa
615 4046 658 4113 fit
684 4047 731 4113 ad
754 4046 922 4133 scpulcra
943 4067 1082 4129 corum,
1111 4048 1173 4133 qui
1196 4048 1294 4134 apud
1315 4046 1502 4114 Maratho-

320 4161 434 4242 ncm2)
457 4179 522 4247 pro
551 4158 669 4244 patria
700 4157 811 4225 occisi
845 4160 960 4224 orant:
998 4160 1193 4242 προηγεῖται
1223 4153 1283 4238 μὲν
1309 4145 1369 4238 ἅμ)
1398 4147 1502 4244 ἡμέρᾳ

320 4313 325 4317 .
342 4309 513 4317 -—-———

408 4374 427 4438 ¹)
446 4371 485 4426 cf.
503 4371 696 4439 Ehrtwiuglor:
726 4369 833 4425 Einlcit.
854 4387 874 4423 z.
895 4367 1001 4424 Samml.
1022 4369 1082 4424 Sab.
1101 4388 1126 4440 p.
1145 4370 1186 4424 21.

408 4476 428 4540 ²)
447 4474 558 4529 Aristid.
577 4490 633 4544 cap.
652 4474 694 4527 21.
