3316 5200
698 453 887 514 ..9-

203 634 310 700 detur
342 635 453 721 (apud
484 633 742 722 Porphyrium:
776 635 821 702 de
853 636 943 704 abst.
967 635 1013 702 ΙΙ.
1040 638 1092 717 19)
1127 632 1184 698 καὶ
1216 635 1387 721 Σοφοκλῆς

202 737 397 830 διαγράφων
418 745 475 830 τὴν
497 744 643 830 θεοφιλῆ
666 740 791 808 θυσίαν
813 742 913 831 φησὶν
935 742 968 808 ἐν
990 745 1037 830 aqi
1059 741 1243 831 Πολσείδιμε

406 859 445 959 ἦν
466 871 609 957 μὲνγὰρ
633 868 703 950 οἰὸς
723 867 855 956 μαλλός,
877 860 917 960 ἦν
938 863 970 938 d'
996 883 1036 950 -t-
1061 863 1212 957 ἀμπέλου
1221 877 1243 948 ¹)

409 977 537 1070 σπονδή
559 981 673 1049 τεκαὶ
696 980 760 1069 ῥοῖξ
781 971 815 1048 εὖ
837 983 1134 1071 ιεθησαυρισμὲνη·

406 1092 479 1182 ἐνῆν
501 1094 537 1160 δὲ
558 1089 777 1181 παγιιίρπεια
800 1091 960 1183 συμμιγὴς
982 1085 1075 1173 ὂλαῖς

407 1201 506 1284 λίπος
527 1196 680 1284 δ’ἒλαίας
701 1205 760 1271 καὶ
781 1202 819 1273 τὸ
842 1200 1086 1273 ποικιλώτατον

409 1317 531 1405 ξουθῆς
552 1315 707 1404 μελίσσης
727 1312 959 1404 κηρόπλασιον
982 1309 1125 1403 ὄργανον.

138 1529 141 1533 ι
288 1443 359 1525 Qui
393 1466 521 1514 versus
553 1450 773 1536 quantopere
809 1450 881 1515 sint
912 1449 987 1536 apti
1019 1448 1068 1515 ad
1097 1448 1190 1515 illud
1225 1450 1385 1535 primum

202 1575 350 1624 sacrum
372 1557 632 1625 illustrandum
654 1579 728 1625 non
756 1562 822 1641 est,
856 1559 953 1644 quod
977 1579 1166 1646 exponam.
1213 1559 1286 1628 Sed
1307 1581 1387 1648 pre-

203 1667 378 1735 mendum
393 1687 471 1736 esse
486 1669 617 1751 iudico,
641 1657 968 1756 quomodocunque
995 1670 1177 1737 laboranti
1203 1671 1283 1738 loeo
1307 1691 1388 1738 suo-

201 1779 425 1848 currendum
451 1783 572 1865 putas,
603 1781 730 1846 vinum
759 1780 913 1846 effusum
940 1779 1111 1848 hocloco
1135 1783 1387 1848 vocarioncv-

201 1883 269 1974 δήν.
308 1890 475 1973 Accedit,
500 1890 598 1976 quod
621 1888 848 1977 Porphyrius
871 1890 939 1957 hcc
963 1891 1183 1958 sacrificium
1207 1891 1389 1976 significat

203 1999 358 2085 θεοφιλῆ.
403 2001 596 2068 Praeterea
618 2000 691 2068 huc
713 2001 904 2069 referenda
926 2021 1004 2068 esse
1027 2002 1155 2087 opinor
1170 2003 1259 2069 talia
1275 2004 1386 2069 sacri-

201 2111 297 2196 ficia,
320 2132 413 2198 quae
429 2112 512 2179 libis
529 2116 563 2178 et
577 2111 813 2179 libationibus
833 2110 1006 2178 adhibitis
1022 2112 1281 2199 posterioribus
1297 2118 1386 2180 tem-

201 2223 351 2308 poribus
378 2224 416 2289 in
443 2242 551 2290 usum
577 2226 768 2298 venerunt;
804 2223 908 2289 cuius
939 2224 993 2290 rei
1014 2223 1222 2309 exemplum
1243 2223 1387 2310 profero

202 2332 426 2401 Philemonis
449 2334 578 2401 comici
599 2333 846 2418 fragmentum
869 2332 1001 2416 (Kook.
1024 2333 1070 2400 Π.
1095 2354 1117 2418 p
1144 2337 1206 2400 495
1222 2355 1255 2400 n.
1274 2337 1342 2416 oq:

399 2451 548 2545 Ἄρτεμι,
572 2461 651 2547 φιλο)
675 2459 846 2542 δέσποινα,
870 2454 983 2524 τοῦτόν
1006 2482 1058 2524 σοι
1083 2458 1172 2546 φέρω

407 2557 433 2634 ὦ
455 2560 574 2651 πότνι’,
600 2560 802 2658 ἀμφιφῶντα
824 2569 883 2636 καὶ
907 2572 1052 2656 σπονδὴν
1076 2561 1155 2652 ἅμα.

289 2701 428 2785 Restat,
460 2705 500 2768 ut
523 2722 805 2768 commemorem
835 2701 940 2767 illum
972 2701 1068 2767 diem
1098 2700 1244 2782 festum,
1277 2702 1386 2786 quia

199 2810 352 2880 Graecis
368 2805 496 2875 Διάσια
516 2814 676 2879 vocatur.
714 2811 840 2897 Neque
857 2812 954 2878 enim
970 2812 1131 2878 dubitari
1147 2814 1271 2898 potest,
1297 2812 1385 2897 quin

201 2924 240 2988 in
262 2923 332 2992 hoc
356 2924 606 3010 antiquissimo
622 2923 726 2990 Jovis
742 2922 842 2989 cultu
862 2942 906 2989 ea
921 2942 1027 2989 sacra
1043 2922 1166 2990 oblata
1189 2923 1269 3004 sint,
1293 2942 1386 3010 quae

199 3035 320 3120 prima
346 3034 514 3121 equidem
540 3037 669 3100 statuo,
714 3032 919 3120 Mommsen
940 3034 979 3100 in
1001 3053 1043 3100 ec
1070 3033 1213 3115 libro,²)
1246 3033 1309 3118 qui
1331 3034 1385 3099 in-

199 3146 374 3214 scribitur
395 3145 631 3228 „Hcortolopid
656 3163 797 3210 summo
813 3145 891 3210 iure
907 3142 999 3210 duas
1015 3143 1123 3210 huius
1146 3143 1228 3210 festi
1249 3145 1386 3210 t'ormas

204 3256 385 3336 discernit,
409 3256 561 3322 alteram
585 3255 773 3341 antiquam
797 3255 949 3321 alteram
971 3255 1231 3342 posterioribus
1249 3257 1386 3340 tempo-

201 3369 303 3435 ribus
326 3366 471 3434 Baccho
500 3369 685 3453 assumpto
714 3363 822 3432 valde
849 3367 1035 3431 mutatam.
1080 3364 1147 3432 Ille
1169 3387 1203 3430 u.
1229 3365 1261 3431 d.
1290 3369 1387 3432 recte

202 3479 333 3565 premit
355 3477 497 3545 dierum
518 3477 694 3545 festorum
714 3463 936 3560 Ἀνθεσιήρια
959 3476 1078 3557 tertio,
1102 3477 1164 3561 qui
1185 3468 1300 3558 χύτραι
1324 3495 1385 3542 vo-

200 3592 321 3672 catur,
354 3589 507 3673 vestigia
538 3591 683 3655 servata
714 3606 793 3654 esse
824 3587 964 3673 antiqui
994 3585 1076 3653 festi
1103 3577 1241 3652 Ardere.
1287 3585 1387 3653 Nam

200 3700 285 3767 illae
307 3699 455 3784 frugum
478 3699 658 3786 primitiae
683 3689 939 3781 (παγκάρποια),
973 3717 1065 3784 quae
1093 3717 1200 3784 saepe
1229 3718 1386 3766 commo·

199 3814 400 3893 morantur,
424 3831 508 3878 eum
525 3809 664 3877 cultum
681 3809 975 3895 antiquissimum
998 3809 1160 3875 indicare
1176 3808 1384 3890 videntur.³)

200 3922 262 3988 Ad
284 3922 440 3989 eundem
462 3920 608 4004 festum,
636 3921 699 4007 qui
726 3920 980 3988 celebrabatur
1003 3940 1026 3986 a
1048 3917 1198 3987 Graecis
1220 3919 1386 3986 nondum

286 4143 307 4206 ¹)
325 4143 384 4196 Etsi
406 4143 479 4196 locus
499 4145 639 4212 corruptus
666 4147 751 4196 metro
778 4144 876 4203 obstat,
904 4145 993 4196 tamen
1019 4158 1108 4195 omnes
1132 4159 1153 4193 v.
1178 4141 1203 4194 d.
1227 4141 1268 4194 his
1296 4141 1382 4194 verbis

196 4228 314 4284 eundem
332 4245 439 4283 sensum
458 4228 592 4282 subiciunt
610 4228 643 4281 of.
661 4227 764 4282 Nauck.
783 4228 801 4282 l.
820 4245 841 4281 o.

288 4333 299 4364 ²
347 4374 353 4386 .
373 4332 405 4384 19
424 4349 436 4385 s
476 4367 481 4380 .

287 4333 309 4498 ’ζ
327 4349 364 4490 gl.
384 4433 414 4486 Ε.
434 4349 554 4488 ἐξαίρεε
573 4431 807 4502 Stcdtgcsohichte
827 4449 874 4486 ron
893 4431 983 4485 Athen
1000 4449 1024 4500 p.
1045 4431 1086 4484 28.
