3316 5200
149 645 281 730 aperit,
306 648 347 709 ut
368 643 519 710 libando
542 643 742 730 principem
765 645 997 724 veneretur.¹)
1043 639 1188 710 Orestes
1210 644 1249 710 in
1271 663 1334 731 pa·

148 755 261 822 triam
283 772 451 822 reversus
473 755 633 840 primum
656 773 695 820 se
717 753 856 821 confert
879 753 927 820 ad
949 754 1062 840 patris
1082 753 1272 838 tumulum,
1297 757 1337 824 ut

149 866 185 931 ei
208 886 293 932 cum
316 864 407 932 alias
429 884 487 932 res
510 867 588 932 tum
610 864 823 933 libationem
845 864 1025 951 praebeat.
1034 865 1060 944 ²)
1104 864 1165 932 Ad
1186 864 1335 951 placan-

151 976 241 1042 dum
257 976 573 1062 Agamemnonem
594 977 767 1043 maritum
789 975 996 1062 turpissime
1008 975 1236 1043 interiectum
1252 974 1336 1062 Oly-

150 1089 374 1153 taamnestra
396 1087 528 1154 somnii
548 1087 708 1172 imagine
729 1087 921 1172 perterrita
941 1085 1134 1153 libationes
1156 1086 1193 1152 in
1217 1085 1335 1173 sepul-

152 1216 216 1263 111
237 1196 317 1263 fieri
340 1197 447 1264 iubet.
456 1198 480 1278 ³)
517 1196 683 1284 Denique
701 1196 826 1263 multis
846 1196 1021 1282 exemplis
1045 1197 1188 1263 omissis
1209 1199 1336 1264 memi-

151 1307 267 1389 neris,
314 1306 487 1373 Atossam
522 1307 635 1374 Dario
676 1307 867 1375 libationes
908 1307 1053 1391 offerre,
1093 1310 1134 1374 ut
1173 1307 1235 1375 ille
1266 1308 1337 1376 sibi

153 1417 369 1503 appareat.⁴)
415 1416 473 1484 Ex
505 1418 673 1484 omnibus
704 1416 808 1500 lucie,
841 1437 932 1504 quos
963 1418 1111 1504 protuli,
1143 1419 1217 1486 iam
1249 1419 1336 1486 satis

151 1525 278 1609 elucet,
294 1527 455 1593 maxime
468 1528 691 1614 propinquos
702 1527 912 1594 defunctum
926 1527 998 1595 hoc
1006 1527 1144 1596 honore
1160 1529 1335 1613 affecisse,

151 1638 346 1724 imprimis,
371 1638 470 1724 quod
493 1638 619 1705 attinet
641 1638 690 1705 ad
711 1639 832 1725 ipsum
853 1637 978 1721 11111,
1006 1639 1065 1706 111
1089 1641 1212 1706 omnia
1233 1659 1337 1727 prae·

150 1767 285 1834 parare
311 1747 478 1816 solebant
504 1749 575 1834 ipsi
596 1749 799 1835 propinqui.
847 1747 920 1817 Sed
940 1753 1067 1835 postea
1089 1751 1226 1818 amieos
1249 1772 1337 1838 quo·

151 1878 233 1944 que,
258 1858 351 1926 alios
373 1859 411 1926 in
434 1858 601 1945 sepulcro
623 1858 758 1927 libasse
780 1879 854 1926 non
877 1863 939 1942 est,
964 1860 1061 1945 quod
1085 1861 1271 1947 explicem.
1297 1897 1336 1908 «-

150 1967 238 2036 Η11
253 1969 400 2054 addam,
419 1989 512 2057 quae
527 1970 642 2037 verba
656 1969 744 2036 facit
758 1969 913 2052 Electra,
922 1969 946 2049 ⁵)
969 1990 1053 2037 eum
1069 1971 1192 2038 videat
1207 1991 1337 2059 appro-

150 2081 391 2167 pinquantem
414 2100 585 2162 sororem,
611 2099 704 2166 quae
726 2081 854 2147 matris
876 2079 1054 2147 libamina
1074 2084 1208 2167 portat:

352 2205 436 2295 ἀλλ’,
464 2202 490 2279 ὦ
513 2211 603 2302 φίλη,
626 2209 749 2279 τούτων
770 2213 838 2297 μέν,
862 2200 907 2279 ὧν
927 2209 1009 2296 &arg
1028 2219 1133 2300 χεροῖν

351 2320 462 2411 τύμβῳ
485 2321 668 2413 προσάψῃς
689 2323 803 2412 μηδέν·
828 2316 866 2390 οὗ
888 2319 950 2410 γάρ
972 2348 1026 2390 σοι
1048 2324 1150 2410 θέμις

353 2426 422 2502 οὐδ’
449 2427 548 2517 ὅσιον,
572 2433 693 2523 ἐχθρᾶς
716 2426 786 2502 ἀπὸ
807 2432 959 2522 γυναικὸς
981 2431 1115 2501 ἱστάναι

352 2538 549 2632 κτερίομ111’
576 2537 650 2613 οὐδὲ
672 2544 790 2634 λουτρὰ
813 2545 1012 2634 προσφέρειν
1034 2544 1147 2633 πατρί.

239 2687 339 2754 Nam
359 2686 440 2754 fieri
461 2688 587 2773 potuit,
610 2690 651 2753 ut
672 2687 807 2753 mortui
830 2687 953 2753 anima
973 2686 1165 2754 libationes
1183 2687 1339 2772 benigne

155 2817 229 2865 non
253 2799 447 2885 exciperet,
475 2797 515 2864 id
537 2797 636 2884 quod
658 2796 743 2864 hinc
766 2817 910 2884 quoque
936 2795 1105 2864 concludi
1126 2815 1232 2885 posse
1256 2817 1338 2865 cen-

156 2929 233 2993 seo,
265 2908 364 2996 quod
385 2908 491 2976 Darii
521 2909 666 2992 umbra,
700 2927 792 2995 quae
824 2907 997 2974 libatione
1025 2911 1207 2975 commota
1235 2905 1340 2974 uxori

158 3021 335 3108 apparuit,
358 3023 479 3107 aperte
503 3020 681 3106 planeque
703 3018 934 3105 pronunciat:
966 3011 1047 3097 χοὰς
1067 3013 1104 3081 δὲ
1126 3013 1340 3104 πρευμενὴς

157 3124 321 3217 ἐδεξάμην.
330 3133 355 3212 ⁶)

241 3259 350 3326 Nunc
366 3260 626 3346 inquirendum
641 3261 704 3341 est,
728 3259 816 3345 quid
833 3259 879 3325 sit
893 3257 1049 3326 libatum
1063 3258 1226 3324 mortuis
1259 3255 1339 3326 Hac

158 3390 301 3457 quoque
327 3371 366 3436 in
394 3371 603 3455 quaestione
628 3368 861 3437 statuendum
884 3387 961 3436 esse
984 3367 1075 3436 mihi
1096 3369 1275 3455 persuasi,
1300 3404 1338 3412 -

155 3481 195 3548 id
216 3480 315 3568 quod
337 3482 411 3547 iam
431 3484 538 3547 antea
552 3479 712 3547 vidimus
734 3481 773 3546 in
796 3479 1017 3546 disserendis
1033 3479 1078 3546 iis
1099 3480 1223 3562 sacris,
1247 3497 1340 3566 quae

157 3585 303 3679 νηφάλια
327 3592 553 3659 vocabantur
577 3627 614 3637 -
637 3610 712 3657 non
735 3609 876 3676 semper
899 3589 1046 3656 eosdem
1060 3588 1220 3676 liquores
1236 3588 1340 3656 adhi-

157 3703 252 3771 bitos
284 3721 375 3784 esse3
413 3702 478 3769 sed
506 3702 804 3769 consuetudinem
832 3699 943 3767 aliam
965 3700 1076 3768 luisse
1099 3700 1180 3768 aliis
1203 3703 1340 3787 tempo-

247 3926 266 3989 ¹)
284 3924 403 3994 Euripid.
421 3923 518 3978 Electr.
536 3939 574 3977 vs.
593 3924 642 3976 511
662 3939 719 3992 sqq.

245 4029 266 4094 ²)
286 4026 421 4096 Sophoclis
439 4023 537 4079 Electr.
555 4041 593 4078 vs.
612 4024 662 4078 887
682 4041 739 4094 sqq,

244 4129 265 4194 3)
361 4129 459 4183 ibidem
556 4145 592 4181 vs.
610 4127 662 4181 405
681 4143 738 4196 sqq.
757 4127 808 4181 431
828 4144 886 4196 sqq.

248 4234 269 4297 4)
287 4231 412 4300 Aeschyli
428 4230 501 4285 Pers.
520 4247 557 4283 vs.
576 4228 627 4282 608
645 4245 702 4298 sqq.

248 4337 269 4399 ⁵)
290 4333 410 4404 Sophocl.
430 4331 650 4386 11111111181
671 4347 727 4400 sqq.

246 4439 267 4502 ⁶)
285 4436 409 4505 Aeschyli
426 4437 497 4490 Pers.
518 4434 568 4488 685
586 4451 642 4503 sqq.
