3316 5200
691 508 903 570 -41-

202 701 318 770 ταῦτα,
341 686 414 778 ἔφη,
436 687 683 768 κατακλινέντος
704 701 762 757 τοῦ
775 689 968 776 Σωκράτους
984 690 1043 756 καὶ
1065 687 1305 778 δειπνήσαντας
1325 691 1385 758 καὶ

203 804 270 866 τῶν
292 793 411 882 ἄλλων,
435 795 582 879 σπονδάς
602 825 637 866 τε
659 803 747 889 σφᾶς
768 800 826 867 καὶ
848 793 994 880 ίίσαντας
1018 799 1076 867 τόν
1098 798 1178 868 θεόν
1199 801 1257 867 καὶ
1278 791 1384 871 τᾶλλα

174 923 176 928 ’
204 909 248 978 τοί
271 907 461 998 νομζόμενα,
484 909 670 998 τρέπεσθαι
686 908 770 999 πρὸς
788 909 844 978 τόν
857 906 971 978 πότον.
996 951 1035 962 -
1060 913 1237 983 Omnibus
1260 936 1305 982 ex
1327 915 1384 984 his

203 1025 295 1092 locis
319 1028 482 1112 apparet,
508 1023 700 1092 libationes
721 1026 760 1092 in
782 1044 853 1091 usu
877 1023 990 1093 luisse
1013 1045 1127 1093 coena
1148 1025 1258 1093 finita.
1304 1024 1386 1107 Qua

204 1137 428 1203 caerimonia
449 1135 547 1204 facta
568 1155 693 1203 omnes
716 1155 776 1203 res
801 1140 1067 1223 praeparantur
1087 1138 1313 1205 necessariae
1337 1137 1385 1204 ad

205 1247 428 1331 convivium,
456 1266 548 1334 quas
570 1249 738 1316 accurate
761 1245 934 1315 describit
955 1246 1059 1314 Plato
1083 1249 1256 1331 comicus,
1280 1249 1383 1316 cuius

203 1377 332 1425 versus
363 1357 475 1425 tradit
505 1357 756 1438 Athenaeus.¹)
810 1356 977 1440 Cobet,²)
1009 1359 1072 1444 qui
1103 1358 1207 1426 docte
1238 1359 1283 1426 de
1315 1358 1384 1425 hoc

204 1472 312 1556 pocta
333 1469 539 1556 disputavit,
564 1470 655 1536 duos
678 1487 756 1536 esse
772 1488 896 1535 servos
916 1472 1046 1550 censet,
1070 1489 1161 1554 quos
1184 1469 1307 1536 dehis
1330 1490 1386 1536 re-

203 1580 275 1646 bus
297 1581 391 1647 inter
412 1600 451 1647 se
476 1580 720 1667 colloquentes
743 1579 831 1647 facit
852 1578 973 1646 Plato:

247 1738 297 1798 A.
336 1722 475 1817 ’Ἀνδρες
497 1725 749 1818 δεδειπνήκασιν
772 1722 835 1818 ἤδη
858 1727 968 1812 σχεδὸν
990 1722 1135 1810 ἅπαντες
1158 1737 1195 1797 Β.
1218 1719 1308 1819 εὖγε

247 1891 297 1950 A.
346 1880 389 1949 Τί
412 1879 449 1950 οὐ
470 1882 591 1970 τρέχων
612 1880 653 1950 σι)
674 1881 734 1963 τὰς
755 1883 923 1969 τραπέζας
944 1883 1106 1971 έκφέρεις;
1136 1883 1198 1972 lyd
1222 1885 1257 1951 δέ

342 1992 479 2082 νίπτρον
499 1995 652 2082 παρέξων
673 1991 809 2080 ἔρχομαι
832 2001 870 2061 Β.
894 1987 984 2083 adyti
1006 1995 1042 2062 δέ
1064 1991 1325 2085 παρακορήσων·

343 2102 489 2184 σπονδὰς
511 2102 628 2172 ἔπειτα
650 2115 820 2190 παραχέας
842 2103 899 2172 τόν
920 2101 1081 2190 κότταβον
1102 2103 1270 2191 παροίσω·

246 2268 296 2327 A.
339 2256 398 2348 τὴν
419 2262 529 2326 παῖδα
551 2257 625 2336 τούς
649 2253 767 2338 αόλοδς
788 2257 878 2348 ἐχρῆν
901 2257 982 2343 ἔχειν
1004 2257 1113 2327 πάλαι
1136 2259 1325 2348 προχείρους

341 2370 398 2437 καὶ
420 2373 698 2459 προσαναφυσᾶν·
721 2369 760 2438 τὸ
780 2367 880 2455 μόρον
902 2363 965 2461 ἤδη
989 2367 1155 2459 παράχεον
1176 2369 1321 2457 βαδίζων

341 2478 536 2569 Αίγύπτιον
557 2470 632 2548 κᾶτ’
658 2479 773 2566 έρινον·
803 2481 964 2570 στέφανον
988 2473 1127 2550 δ’έπειτ’
1153 2479 1280 2571 ἑκάστῳ

344 2589 440 2660 διόσω
462 2602 569 2681 φέρων
590 2596 657 2660 τῶν
680 2586 867 2676 ξυμποτῶνὲ
889 2597 1065 2679 νεοκρᾶτας
1086 2591 1234 2662 ποιείτω.

256 2753 295 2813 Β.
340 2746 398 2813 καὶ
421 2743 461 2834 δὴ
482 2745 650 2834 κέκραται.

294 2902 375 2972 Hoc
400 2902 481 2970 loco
503 2904 611 2991 plura
634 2906 681 2972 ab
703 2903 892 2972 Athenaeo
921 2905 1056 2970 omissa
1079 2923 1170 2986 esse,
1198 2904 1283 2971 hino
1306 2924 1391 2971 con-

209 3014 325 3081 cludit
347 3013 474 3098 Cobet,
505 3015 604 3101 quod
629 3015 709 3082 fieri
730 3035 805 3081 non
826 3016 953 3101 possit,
985 3019 1026 3081 ut
1048 3014 1167 3082 allatis
1191 3016 1333 3082 cottabo
1356 3018 1391 3081 et

210 3125 296 3192 vino
319 3126 441 3192 statim
466 3145 584 3209 „mero
606 3124 757 3208 madidi,
780 3129 890 3193 cantu
904 3130 940 3193 et
957 3125 1042 3192 lusu
1056 3125 1195 3193 satiati“
1220 3127 1292 3192 sint
1306 3146 1390 3193 con-

212 3237 331 3319 vivae;
366 3240 493 3303 notum
515 3255 607 3320 esse,
639 3239 720 3322 post
741 3256 886 3304 mensas
912 3236 1059 3304 demum
1081 3240 1239 3304 remotas
1261 3256 1390 3304 consu-

212 3365 290 3414 esse
314 3345 474 3415 Graecos
496 3367 649 3414 coronas
673 3347 801 3414 afferre
816 3350 851 3413 01
868 3346 999 3428 1110010;
1021 3350 1099 3413 111111
1115 3348 1392 3434 compotationis

211 3458 323 3525 irrisae
344 3457 497 3525 initium.
543 3459 662 3545 Atque
685 3460 803 3545 pergit
823 3463 943 3546 poeta:

572 3588 627 3658 τόν
647 3588 828 3677 λιβανωτὸν
849 3590 1017 3669 ἐπιτιθεὶς
1039 3585 1127 3659 εἶπε·

341 3699 474 3790 Σπονδὴ
495 3701 556 3786 μὲν
580 3695 641 3791 ἤδη
665 3702 772 3790 γέγονε
793 3702 851 3768 καί
875 3700 1024 3782 πίνοντές
1046 3699 1112 3769 εἱσι
1128 3697 1239 3790 πόρρω

342 3814 400 3880 καὶ
423 3809 554 3882 σκόλιον
574 3803 683 3904 ᾖσται,
705 3809 866 3900 κότταβος
887 3807 1080 3896 δ’έξοίχεται
1104 3810 1235 3902 θύραζε,

342 3916 478 4005 Αόλοδς
499 3921 653 4009 δ’έχουσοί
674 3951 725 4006 τις
745 3923 881 4015 κορίσκη
903 3923 1050 4013 Καρικόν
1071 3925 1168 4010 μέλος
1189 3951 1222 3991 τι

343 4034 508 4120 μελίζεται
530 4041 601 4116 τοῖς
622 4031 818 4122 συμπόταις,
840 4029 978 4125 κ’όίλλην
998 4035 1153 4124 τρίγωνον
1175 4029 1262 4103 εἶδον

345 4145 487 4230 ἔχουσαν,
512 4141 572 4215 εἶτ’
597 4136 672 4236 ᾖδεν
694 4148 777 4235 πρὸς
798 4137 879 4214 αότδ
901 4147 998 4232 μέλος
1018 4139 1162 4214 Ἰιόνικόν
1183 4173 1227 4214 τι.

308 4375 327 4440 ¹)
344 4371 404 4426 xv.
422 4374 524 4456 1005.
544 4375 575 4427 a.

303 4476 325 4543 ¹)
342 4475 544 4532 Observationes
562 4476 670 4530 criticae
687 4475 715 4530 in
733 4475 851 4529 Platonis
870 4473 960 4528 comici
978 4474 1103 4543 reliquias
1121 4492 1144 4544 p.
1164 4475 1205 4528 90.
1225 4491 1281 4545 sqq.
