3316 5200
677 477 718 488 .-
768 451 804 512 19
850 479 892 490 ..-

396 615 592 696 §advocare
613 618 689 689 ταῖς
712 609 860 696 Μνᾶμας
879 616 883 698 l
903 613 1025 679 παισὶν
1048 613 1178 692 ,atricae

396 723 454 790 καὶ
476 727 523 812 τῷ
546 719 725 811 Μωσάρχῳ
746 724 749 812 l
769 727 909 803 Λατοῦς
931 721 1004 791 ’0101

275 855 375 936 Quos
398 875 526 923 versus
548 855 704 940 Bergk¹)
725 854 935 942 Terpandro
959 856 1132 940 attribuit,
1156 858 1260 924 cuius
1283 857 1374 924 alios

185 989 318 1036 versus
340 967 452 1034 tradit
475 966 642 1035 Clemens
666 966 940 1035 Alexandrinus
964 966 1109 1046 (Strom.
1127 965 1190 1034 Vl.
1207 970 1298 1050 ten:

397 1096 461 1158 Ζεῦ
483 1088 619 1158 πάντων
642 1083 725 1180 ἀρχά
744 1094 749 1178 Ι
769 1088 905 1158 πάντων
927 1085 1056 1181 ἇγήτωρ

396 1207 474 1302 Ζεῦ)
494 1203 547 1270 ool
569 1203 697 1287 πέμπω
717 1205 721 1288 l
741 1201 864 1269 ταύταν
886 1196 992 1287 ὕμνων
1015 1197 1124 1287 ἀρχάν.

276 1337 327 1402 At
349 1335 599 1422 Bernhardye
624 1336 668 1402 de
682 1335 893 1422 Terpandro
917 1338 1064 1403 auctore
1088 1336 1255 1403 dubitare
1278 1336 1378 1403 vide-

183 1451 260 1531 tur,
285 1468 369 1515 cum
394 1448 494 1514 dicit:
521 1449 629 1528 ferna
651 1448 890 1529 anapaestiscbc
912 1449 1041 1513 dimetri
1056 1447 1240 1522 catalectici,
1262 1449 1380 1528 wofera

188 1581 268 1624 mua
282 1560 333 1624 die
356 1559 464 1624 Worte
486 1559 536 1624 oei
554 1557 708 1624 Clemens:
733 1557 848 1624 Strom.
869 1560 926 1639 fiir
948 1558 1021 1623 cicbt
1043 1558 1127 1623 hacc:
1157 1556 1222 1620 Ζεῦ
1244 1550 1378 1620 πάντων

190 1659 276 1750 ἀρχά
300 1717 468 1732 ......
527 1667 647 1754 Atque
670 1667 951 1750 Wilamowitze
972 1666 1182 1755 Terpandro
1204 1668 1272 1736 hos
1299 1688 1379 1735 ver-

184 1800 269 1863 sus,
293 1800 374 1848 meo
398 1780 546 1866 quidem
568 1780 714 1862 iudicio,
738 1798 881 1846 summo
904 1781 982 1846 iure
1005 1779 1169 1864 abrogat,
1193 1800 1277 1846 cum
1299 1800 1379 1866 pre-

187 1893 267 1973 mit,
290 1891 487 1958 verisimile
509 1911 583 1957 non
600 1910 688 1973 esse,
711 1890 735 1957 J
737 1910 843 1957 ovem
860 1891 1013 1976 septimo
1030 1911 1060 1956 0.
1079 1889 1162 1957 Chr.
1181 1911 1215 1957 n.
1234 1890 1379 1958 saeculo

193 2005 364 2070 vocatum
386 2020 465 2069 esse
489 1989 568 2086 ἀρχὴ
591 1995 742 2078 advena·
768 2020 887 2087 neque
909 2000 964 2068 illi
985 2003 1140 2089 tempori
1162 2001 1380 2088 respondere

189 2113 284 2180 tales
308 2114 480 2197 argutiae,
505 2111 632 2198 quales
656 2099 736 2198 ἀρχὴ
758 2101 865 2193 ὕμνων
887 2113 999 2180 101000
1017 2112 1103 2179 Jovi
1126 2099 1207 2198 ἀρχῇ
1232 2105 1379 2178 πάντων.

185 2223 296 2304 vQuae
328 2227 546 2307 argumenta
576 2221 675 2290 illius
707 2245 739 2288 v.
776 2223 808 2290 d.
840 2223 993 2291 idoneae
1024 2224 1211 2305 videntur,
1248 2224 1381 2310 quibus

191 2335 384 2420 probetur,
409 2354 470 2401 eos
494 2353 621 2401 versus
643 2333 904 2420 posterioribus
917 2334 1151 2421 temporibus
1173 2334 1276 2401 fictos
1297 2333 1381 2401 Ter-

195 2445 337 2532 pandro
361 2446 552 2512 attributos
575 2464 662 2512 esse.
709 2444 782 2514 Sed
804 2447 884 2510 utut
906 2464 964 2511 res
987 2444 1170 2528 sehabet,
1193 2466 1259 2531 pro
1283 2448 1381 2512 certo

196 2557 407 2625 habendum
438 2574 516 2622 esse
546 2559 650 2642 puto,
682 2554 838 2642 hymnos
868 2557 1047 2622 exstitisse
1073 2555 1221 2639 01111100,
1253 2557 1316 2643 qui
1342 2557 1381 2623 in

192 2668 345 2735 libando
377 2668 603 2734 canebantur
634 2667 682 2734 ad
714 2667 824 2734 deum
858 2666 1168 2751 celebrandum,⁴)
1205 2669 1381 2752 gravibus

194 2778 505 2863 sollemnibusque
527 2777 688 2843 numeris
712 2776 895 2845 adhibitis

281 2906 363 2974 Iam
386 2927 472 2973 vero
496 2906 669 2991 quoniam
692 2924 749 2988 ea,
777 2925 871 2991 quae
895 2905 1134 2973 delibatione
1158 2926 1242 2972 cum
1269 2909 1382 2973 sacri-

195 3018 279 3085 ficio
296 3018 490 3085 coniuncta
506 3016 662 3084 dicenda
677 3018 770 3098 sunt,
789 3017 948 3084 breviter
963 3017 1124 3102 exposui,
1149 3016 1381 3085 delibatione

189 3129 276 3196 sola
298 3130 490 3216 disputem,
515 3147 607 3215 quae
632 3129 854 3194 caerimonia
868 3127 1040 3211 religiosa
1060 3127 1136 3195 deis
1153 3128 1381 3196 offerebatur.

188 3239 278 3319 *Qua
305 3242 527 3327 quantopere
555 3240 612 3305 usi
640 3240 712 3305 sint
736 3236 869 3306 Graeci
895 3258 979 3305 cum
1002 3259 1046 3305 ex
1070 3259 1111 3306 eo
1138 3239 1292 3325 intelligi
1318 3260 1382 3326 po-

195 3354 279 3434 test,
311 3351 410 3436 quod
443 3371 516 3417 non
542 3351 644 3436 prius
671 3350 820 3416 maioris
848 3349 1049 3436 quidquam
1071 3351 1246 3418 momenti
1268 3353 1382 3418 susci-

194 3463 359 3549 piabant,
384 3482 496 3549 quam
519 3461 597 3528 deis
619 3460 808 3543 libassent,
832 3464 911 3526 tum
933 3461 1032 3546 quod
1053 3461 1176 3528 nullus
1198 3463 1383 3548 praeteriit

194 3574 290 3656 dies,
322 3594 394 3660 quo
425 3593 499 3639 000
530 3571 687 3639 libarent
710 3571 852 3639 Graeci.
899 3570 980 3651 Qua
1001 3572 1040 3639 in
1061 3593 1100 3639 re
1128 3592 1189 3639 eos
1218 3574 1382 3658 opinatos

189 3704 287 3766 esse,
311 3685 420 3752 deum
442 3687 530 3770 potu
552 3683 714 3749 illectum
736 3682 907 3750 libentius
922 3686 1117 3749 venturum
1133 3702 1210 3750 esse
1233 3703 1276 3751 ac
1298 3704 1382 3770 pro·

284 3952 306 4014 ι)
325 3952 417 4018 poetae
434 3949 510 4016 lyrici
527 3947 638 4016 graeci.⁴
657 3947 705 4000 111.
724 3965 748 4016 p.
769 3947 808 4000 10.

284 4053 307 4120 ²)
326 4051 471 4107 Grundriss
489 4051 536 4105 der
553 4049 734 4120 griechischen
751 4050 899 4105 litterator
916 4048 950 4102 IL
969 4067 994 4119 p.
1014 4050 1072 4104 530.

285 4155 306 4222 ³)
326 4155 467 4225 Euripides
484 4153 614 4208 Herakles
631 4170 656 4223 p.
676 4153 716 4206 71.

284 4260 306 4324 1)
325 4256 364 4312 Cf.
382 4257 477 4311 Flech:
497 4256 654 4312 Geschichte
672 4257 719 4310 der
736 4255 835 4324 griech.
854 4256 933 4324 Lyrik
950 4255 971 4310 1.
989 4273 1014 4325 p.
1033 4255 1074 4309 39.
1093 4255 1139 4323 80;
1168 4256 1213 4325 qui
1235 4258 1306 4310 recte
1324 4273 1383 4310 0011-

193 4343 308 4397 tendere
326 4343 439 4407 videtur,
457 4343 538 4397 etiam
556 4342 627 4413 apud
644 4341 723 4395 Indos
741 4341 862 4396 floruisse
880 4341 947 4394 tales
964 4341 1083 4410 Hymnus
1102 4340 1270 4411 (σπονδεῖα),
1289 4341 1382 4407 quiin

194 4429 326 4484 ‚libatione
344 4432 372 4482 et
390 4429 517 4483 sacrificio
535 4429 704 4482 canebantur.

1194 4513 1210 4564 2
1215 4511 1226 4536 1
