3316 5200
771 439 983 502 ..32-

375 623 608 711 Quamquam
631 625 799 691 omnibus
823 625 900 691 dcis
922 624 1077 732 libatum
1092 645 1170 692 esso
1187 627 1472 694 existimandum

288 739 351 812 est,
374 739 497 802 tamen
519 755 593 801 non
616 735 744 802 eodem
767 735 876 802 modo
900 737 1068 802 omnibus
1092 735 1168 803 deis
1184 733 1377 804 libationes
1394 758 1471 805 esse

288 846 430 913 oblatas
462 849 611 912 constat.
666 845 715 912 Iis
747 847 990 932 tempor·ibuS‚
1024 847 1067 913 de
1100 848 1232 933 quibus
1264 851 1470 916 accuratius

287 957 451 1024 iudicare
478 976 686 1044 possumuS,
718 956 931 1043 plerumque
960 958 1086 1023 vinum
1116 957 1251 1025 libatur
1282 959 1374 1042 dem,
1407 961 1468 1027 scd

289 1071 434 1134 exstant
454 1069 607 1135 numina
629 1067 821 1154 quaedam,
846 1068 978 1153 quibus
1000 1069 1126 1134 vinum
1147 1068 1268 1136 offerri
1290 1089 1364 1136 non
1386 1070 1471 1137 lice-

288 1181 359 1246 bat.
407 1177 485 1258 Quo
514 1179 558 1246 de
588 1197 720 1263 genere
746 1179 963 1246 libationum
986 1199 1083 1244 nunc
1107 1179 1355 1265 disputaturus
1380 1200 1469 1246 sum.

374 1288 562 1369 Quaenam
594 1291 666 1355 sint
697 1309 759 1355 eae
786 1288 992 1371 libationes
1025 1308 1117 1375 quac
1140 1309 1270 1374 graece
1294 1297 1472 1358 vocantur

288 1394 443 1485 νηφάλια,
467 1400 626 1482 Pollux')
649 1399 719 1467 hoc
735 1399 844 1466 modo
860 1400 1029 1486 explicat:
1054 1398 1173 1485 νήφειν,
1197 1396 1366 1486 νηφαλίως
1381 1397 1470 1481 ἔχειν,

288 1504 485 1595 νηφαντιτδν
506 1501 606 1573 εἶναι·
638 1504 675 1573 τὸ
698 1504 758 1593 γάρ
781 1508 986 1594 νηφαλιεάειν
1007 1504 1044 1572 τὸ
1067 1504 1213 1596 νηφάλια
1234 1511 1331 1576 θύειν
1356 1512 1470 1596 ἔλεγον,

288 1613 371 1706 ὅπερ
394 1617 464 1685 ἐστὶ
486 1615 524 1685 τὸ
546 1625 691 1706 χρῆσθαι
714 1616 852 1696 θυσίαις
875 1609 1008 1698 άοίνοις,
1032 1606 1077 1683 οἷν
1102 1616 1157 1698 τάς
1180 1617 1328 1698 ἐναντίας
1349 1618 1471 1699 θισίας

287 1726 454 1810 ὠνόμαζον
477 1724 709 1807 οὶνοοπόνδοος
714 1781 879 1798 ......
926 1732 983 1798 Ex
1002 1733 1046 1798 iis
1064 1754 1206 1819 quoque
1222 1735 1353 1816 verbis
1378 1756 1471 1821 quae

288 1843 425 1929 profert
445 1843 697 1925 Plutarchus‘2)
726 1844 883 1910 dilucide
907 1848 1070 1929 apparet,
1103 1845 1173 1910 sibi
1205 1847 1371 1931 opposita
1394 1866 1471 1913 esse

289 1955 364 2022 dua
386 1955 450 2021 illa
472 1974 608 2039 genera
629 1955 857 2020 libationum:
884 1943 1033 2038 ςἙλληνίς
1057 1977 1091 2018 τε
1118 1949 1263 2040 νηφάλια
1286 1966 1390 2019 ταῦτα
1413 1955 1470 2020 καὶ

286 2061 493 2145 μελίσπονδα
517 2061 668 2142 θίοοσιν,
701 2053 745 2139 ὡς
768 2053 942 2127 ἀντίθετον
964 2060 1064 2150 φίσιν
1088 2058 1237 2146 μάλιστα
1261 2077 1319 2130 τοῦ
1340 2065 1471 2148 μέλιτος
1500 2051 1502 2056 ’

287 2170 372 2259 πρὸς
387 2170 443 2240 τὸν
459 2167 546 2239 οἶνον
569 2169 703 2254 ἐγοντος.
720 2178 725 2185 ’
742 2174 823 2255 Qua
839 2176 883 2242 de
900 2197 938 2243 re
954 2178 1160 2244 accuratius
1183 2177 1342 2264 disputat
1356 2179 1470 2246 Theo-

287 2287 459 2375 phrastus
483 2287 582 2373 apud
603 2286 897 2373 Porphyrium:³)
921 2281 979 2350 διὰ
1002 2286 1134 2350 πολλῶν
1156 2285 1191 2350 δὲ
1215 2278 1232 2352 ὁ
1259 2282 1472 2374 Θεόφραστος

290 2400 353 2461 τῶν
385 2388 470 2483 παρ’
504 2391 655 2474 ἑκάστοις
685 2393 836 2481 πατρίων
866 2392 1051 2476 ἐπιδείξας,
1084 2389 1134 2462 ὅτι
1167 2393 1204 2462 τὸ
1231 2395 1378 2463 παλαιὸν
1408 2401 1472 2463 τῶν

288 2510 417 2574 θυσιῶν
439 2503 496 2572 διά
518 2507 584 2571 τιῦν
605 2509 742 2592 καρπῶν
764 2494 811 2594 ἧν,
834 2503 882 2572 ἔτ’
906 2503 1010 2571 εἶπιδν
1032 2502 1189 2590 πρότερον
1204 2511 1261 2595 τῆς
1283 2504 1371 2587 πόας
1386 2511 1469 2591 λαμ-

286 2617 480 2707 βανομένης,
507 2616 565 2682 καί
596 2613 638 2682 τά
665 2619 730 2681 τῶν
757 2618 910 2682 σιτονδιῦν
936 2616 1098 2705 ἐξηγεῖται
1120 2620 1234 2683 τοῦτον
1254 2615 1311 2684 τὸν
1332 2614 1469 2705 τρόπον·

286 2727 328 2795 τά
355 2729 415 2813 μὲν
441 2720 562 2815 άρχαῖα
590 2731 654 2793 τῶν
682 2725 774 2812 ἱερῶν
797 2727 940 2816 νηφάλια
963 2725 1058 2814 παρά
1080 2729 1218 2806 πολλοῖς
1239 2718 1292 2818 ἦν·
1325 2725 1470 2819 νηφάλια

289 2832 409 2908 δέστὶν
430 2837 472 2906 τά
496 2835 720 2926 ’δδράσπονδά
740 2835 792 2904 ,τά
815 2839 851 2904 δὲ
872 2835 954 2922 μετά
976 2851 1081 2904 ταῦτα
1103 2837 1326 2922 μελίσπονδα·
1358 2844 1472 2907 τοῦτον

287 2950 347 3039 γάρ
370 2952 509 3036 ἕτοιμον
522 2948 618 3037 παρά
640 2949 798 3034 μελίττιον
819 2954 950 3036 πρῶτον
965 2946 1122 3036 ἐλάβομεν
1140 2954 1194 3017 τὸν
1216 2954 1310 3038 ὑγρὸν
1325 2949 1469 3036 καρπόν·

286 3055 348 3130 εἶτ)
373 3059 612 3130 ἓλαιάσπονδα·
639 3061 731 3140 τέλος
746 3053 776 3127 δ’
801 3059 861 3126 ἐπὶ
876 3064 982 3128 πᾶσιν
996 3058 1037 3127 τά
1061 3053 1192 3146 ὕστερον
1206 3058 1360 3149 γεγονότα
1384 3059 1470 3128 οἰνά-

287 3176 427 3241 οπονδα.
474 3175 553 3256 Quo
575 3178 655 3243 loco
679 3177 838 3262 primum
861 3176 1009 3262 quidem
1025 3177 1157 3261 optimc
1176 3177 1316 3244 firmari
1331 3197 1470 3258 censeo,

286 3290 326 3356 id
358 3289 456 3376 quod
488 3308 599 3374 supra
629 3289 734 3375 posui
766 3288 810 3354 de
838 3287 1091 3373 antiquissima
1118 3287 1288 3354 sacrificii
1318 3287 1470 3369 former)

286 3405 365 3466 tum
388 3421 459 3487 quo
487 3399 613 3466 ordine
639 3400 733 3464 varii
758 3399 918 3484 liquores
945 3398 1180 3465 libationibus
1212 3398 1366 3466 adhibiti
1389 3400 1470 3464 sint.

287 3510 521 3598 Quamquam
556 3531 629 3576 non
661 3510 744 3576 talis
775 3509 866 3576 fides
903 3508 1073 3576 habenda
1105 3512 1158 3575 est
1189 3511 1322 3592 tenori,
1362 3529 1470 3596 quem

287 3624 413 3689 statuit
427 3622 498 3703 ille,
515 3642 598 3689 cum
615 3621 710 3703 dicit,
726 3621 886 3707 primum
902 3639 1046 3706 aquam⁷
1065 3624 1144 3685 tum
1158 3620 1240 3702 mel,
1257 3623 1335 3686 tum
1350 3620 1470 3689 oleum

285 3735 442 3802 libatum
472 3751 565 3815 esse,
597 3734 718 3798 tamon
749 3751 832 3797 mea
862 3731 1011 3816 quidem
1041 3732 1218 3797 sententia
1247 3751 1332 3797 cum
1358 3729 1469 3797 Theo-

286 3844 436 3930 phrasto
463 3845 502 3910 in
529 3844 699 3910 universo
727 3842 1025 3910 consentiendum
1048 3845 1109 3908 cst.
1154 3841 1254 3908 Nam
1279 3842 1470 3909 libationes

288 3956 431 4023 sobrias
454 3955 593 4040 priores
620 3954 731 4020 fuisse
752 3952 859 4019 facile
886 3951 1114 4036 intelligitur,
1143 3972 1227 4018 cum
1252 3953 1291 4018 in
1314 3956 1469 4020 mentem

378 4163 384 4191 1
481 4169 487 4184 .

375 4161 397 4311 23
415 4158 549 4314 gdrazfp.
568 4243 619 4296 672
636 4243 667 4297 B.
686 4243 804 4312 (·quaest
822 4259 893 4295 conv.
912 4239 958 4293 IV.
979 4243 1002 4295 6.
1022 4242 1057 4306 2.)

288 4361 289 4364 =
374 4331 395 4395 ⁸)
417 4331 449 4383 dc
467 4329 631 4383 abstinentia
648 4328 683 4382 11.
702 4328 743 4381 20.

378 4418 399 4482 λ)
420 4415 459 4470 Cf.
477 4416 546 4469 Plat.
566 4415 637 4482 legg.
657 4410 703 4466 VI·
722 4431 747 4484 P·
768 4413 825 4466 782·
