3316 5200
797 467 1011 530 ..66-

315 657 350 720 et
376 650 619 730 Euxitheus.')
663 649 707 716 In
734 650 855 716 medio
878 651 1016 737 Iupiter
1046 653 1148 719 sedet
1179 653 1313 739 amplis
1341 655 1507 721 vestibus

315 763 474 844 indutus,
497 763 642 828 sinistra
664 759 805 827 fulmen
827 760 955 827 dextra
977 765 1142 848 pateram
1164 767 1308 846 tenens,
1331 765 1372 830 in
1395 783 1508 844 quam

316 871 548 960 Ganymedes
574 871 695 937 nudus
722 892 766 939 ex
789 870 919 938 hirnea
940 872 1066 938 vinum
1093 873 1263 940 infundit.
1308 873 1392 942 Hoc
1420 895 1506 968 qno:

315 986 442 1065 quein
464 981 614 1049 vasculo
637 981 789 1049 deorum
812 1001 1003 1050 consessus
1025 984 1221 1066 invenitur,
1244 984 1401 1052 sednon
1417 1007 1505 1054 con-

314 1096 467 1174 vivium,
502 1094 671 1174 quoniam
703 1091 784 1160 aliis
811 1093 890 1160 deis
916 1112 991 1159 non
1017 1098 1166 1180 paterae
1188 1095 1254 1162 sed
1277 1095 1372 1162 aliae
1402 1098 1503 1164 attii-

313 1207 423 1274 butae
446 1209 530 1271 sunt
544 1223 601 1270 res
616 1223 730 1284 neque
746 1202 898 1271 dubium
918 1222 997 1270 esse
1012 1208 1139 1290 potest,
1163 1206 1249 1286 quin
1265 1203 1504 1292 Ganymedes

314 1317 395 1384 Iovi
417 1315 486 1382 soli
500 1315 687 1396 ministret,
694 1313 719 1395 ²)
742 1313 781 1380 id
796 1313 892 1394 quod
906 1313 1034 1381 Iliadis
1050 1335 1189 1398 quoque
1203 1335 1333 1383 versus
1350 1316 1503 1384 demon-

316 1427 480 1506 strantzl)

522 1601 783 1619 .........
806 1549 863 1614 καὶ
886 1541 1040 1628 ἀντίθεος
1063 1551 1257 1639 Γανυμήδης

521 1653 556 1739 ὃς
577 1658 617 1748 δὴ
640 1655 815 1738 κάλλιστος
837 1659 943 1746 γένετο
966 1665 1097 1748 θνητῶν
1119 1653 1324 1748 ἀνθρώπων·

520 1769 576 1838 τὸν
595 1771 651 1836 καὶ
676 1762 897 1858 ἀνηρείψαντο
920 1772 997 1838 θεοὶ
1019 1775 1079 1838 „lii
1101 1769 1293 1854 οἰνοχοεύειν
1308 1827 1315 1839 .
1332 1831 1339 1842 .
1357 1779 1406 1860 ,1)

400 1921 492 1988 Tum
507 1919 847 1987 commemorandus
862 1923 917 1986 est
933 1921 1048 1987 Amor
1062 1920 1217 1988 Veneris
1238 1923 1417 2005 minister,
1442 1927 1503 2004 qui

315 2051 574 2120 saepenumero
589 2030 773 2097 invenitur
787 2031 826 2096 in
841 2030 1009 2098 vasculis.
1046 2029 1277 2112 Quamquam
1292 2053 1366 2100 non
1382 2038 1503 2101 exstat

313 2145 605 2224 monumentum,
632 2144 807 2221 quantum
829 2141 919 2222 scio,
945 2141 1009 2208 ubi
1030 2142 1070 2207 in
1092 2163 1134 2209 eo
1158 2144 1218 2225 sit,
1243 2147 1283 2209 ut
1304 2145 1425 2211 Amor
1446 2145 1502 2211 in-

312 2254 444 2321 fundat
466 2254 592 2319 vinum
614 2250 763 2334 Veneri,
794 2255 916 2317 tamen
944 2271 1051 2338 saepe
1078 2272 1191 2340 prope
1218 2254 1322 2320 illam
1347 2256 1501 2337 exsistit,

314 2369 478 2452 pateram
500 2362 736 2442 hirneamque
752 2365 919 2441 tenensfi)
956 2361 1103 2430 Baccho
1127 2384 1265 2444 quoqne
1286 2365 1400 2432 fuisse
1424 2367 1502 2433 vini

314 2477 510 2556 ministros
532 2474 606 2541 iam
623 2492 734 2559 supra
749 2472 1004 2555 demonstravi,
1028 2494 1113 2540 cum
1136 2473 1181 2540 de
1199 2475 1443 2542 maenadibus
1466 2481 1502 2544 et

315 2586 446 2670 satyris
470 2584 635 2664 disserui
658 2583 788 2663 quibus
809 2581 879 2650 hoc
898 2583 978 2651 loco
995 2583 1131 2650 addam
1147 2582 1397 2670 Oenopionem
1413 2587 1502 2654 ado-

315 2699 521 2776 lescentem,
545 2697 605 2776 qui
625 2696 664 2762 in
679 2693 835 2761 Execiae
857 2695 1005 2780 pictoris
1021 2694 1171 2762 vasculo
1191 2696 1385 2780 invenitur,
1408 2697 1503 2766 Bac-

316 2808 385 2877 cho
408 2809 535 2874 vinum
558 2805 762 2873 infundens.
772 2803 817 2886 ⁶).

402 2952 460 3020 Ex
482 2951 650 3018 omnibus
673 2949 791 3031 rebus,
815 2969 903 3030 quas
923 2950 1067 3036 protuli,
1090 2951 1179 3016 satis
1200 2950 1341 3019 elucere
1358 2972 1501 3035 censeo,

317 3066 395 3133 deis
419 3083 557 3146 quoque
580 3063 655 3129 vini
676 3061 861 3128 ministros
877 3061 1067 3128 adiunctos
1087 3081 1166 3128 esse
1181 3061 1373 3129 hominnm
1386 3083 1500 3131 more.

316 3177 443 3258 Itaque
466 3175 602 3240 mirum
624 3171 781 3254 videtur,
804 3171 901 3251 quod
922 3191 985 3239 eae
1008 3192 1147 3252 quoqne
1171 3172 1270 3254 deae,
1294 3193 1386 3253 quae
1407 3182 1501 3240 nunss

319 3307 428 3368 quam
450 3304 582 3351 munus
605 3283 788 3368 suscipere
811 3282 935 3366 solent,
960 3283 1202 3350 ministrando
1225 3286 1423 3370 occupatae
1446 3285 1503 3350 in-

318 3399 528 3476 veniuntur,
550 3398 591 3461 ut
613 3413 724 3480 supra
747 3392 904 3459 vidimus
928 3391 1097 3461 Cererem
1114 3393 1342 3481 Triptolemo,
1365 3393 1503 3461 Miner-

319 3531 406 3576 vam
427 3506 593 3586 Herculi,
616 3505 775 3572 Dianam
796 3503 960 3590 Apollini
981 3505 1237 3572 ministrantes.
1282 3503 1402 3584 Quam
1424 3525 1504 3573 rem

320 3620 547 3706 singularem
570 3637 615 3683 ex
638 3636 681 3682 ea
702 3636 741 3682 re
764 3615 939 3702 explicari
960 3635 1065 3702 posse
1085 3636 1225 3698 censeo,
1249 3616 1345 3696 quod
1360 3616 1504 3685 adoles-

413 3840 518 3907 11Μοιι.
538 3838 597 3891 dell.
617 3838 682 3891 Inst.
702 3837 733 3889 X.
753 3838 790 3890 tb.
810 3837 850 3890 23.
870 3837 911 3888 24.
931 3861 963 3878 =
982 3836 1088 3889 Wiener
1104 3836 1317 3904 Vorlegebltttar
1334 3836 1367 3888 D.
1386 3836 1425 3890 11).
1446 3838 1468 3890 1.

412 3945 433 4010 ²)
452 3942 491 3998 cf.
509 3942 628 3995 Roscher
645 3942 662 3997 l.
682 3958 703 3994 c.
722 3958 746 4010 p.
768 3941 842 3994 1596.

411 4046 432 4111 ³)
450 4046 483 4098 Y.
503 4045 575 4111 (XX)
592 4062 630 4099 vs.
649 4045 700 4098 223
718 4060 774 4113 sqq.

412 4151 433 4212 ⁴)
450 4148 511 4202 Huc
529 4165 629 4217 quoque
648 4149 751 4216 spectat
768 4145 893 4215 amphora
914 4144 1074 4198 collectionis
1086 4145 1268 4212 Castellaniae,
1287 4146 1319 4199 de
1331 4162 1384 4214 qua
1403 4146 1504 4199 mentio

326 4236 358 4289 fit
375 4236 403 4288 in
420 4235 492 4288 Bull.
511 4235 593 4303 epigr.
611 4231 659 4287 IV.
677 4251 702 4302 p.
721 4234 763 4287 97.
781 4249 822 4284 no.
841 4232 882 4285 75.

412 4339 434 4405 ⁵)
453 4337 492 4392 cf.
511 4338 580 4392 Mon.
600 4337 660 4391 dell‘
682 4335 747 4390 lust.
767 4334 817 4386 lV.
836 4335 874 4388 tb.
894 4335 935 4388 15.
972 4334 1051 4388 Arch.
1070 4335 1128 4401 Ztg.
1149 4333 1214 4387 1858
1232 4334 1270 4387 tb.
1293 4333 1349 4387 120.
1368 4333 1392 4386 3.

419 4443 439 4509 ϋ1
457 4441 604 4495 Benndorf:
621 4439 728 4492 Wiener
745 4435 957 4505 Vorlegeblttter
976 4435 1043 4490 1888
1060 4436 1099 4488 tb.
1119 4433 1164 4486 Vl.
1183 4435 1231 4486 2b.
