3316 5200
654 477 864 540 ‚35-

152 655 331 743 ἐντέμναν
350 661 549 730 scholiasta
575 663 613 729 in
629 633 866 749 Apollonium
884 661 1069 729 Rhodium
1090 659 1182 728 haec
1197 660 1352 743 ressuth:

153 765 287 854 ἔντααα
316 769 353 836 δὲ
379 766 421 836 τὰ
444 765 573 857 σφάγια
600 767 719 852 κυρίως
744 765 786 834 ταὶ
813 782 883 848 ταῖς
910 772 1034 853 νεκροῖς
1060 763 1268 854 ἐναγιζόμανα
1295 763 1352 834 διὰ

154 877 202 946 τὸ
226 877 261 947 ἐν
282 883 323 970 τῇ
341 883 384 970 pq]
408 871 514 946 αὐτῶν
536 870 787 979 &aestumetur
809 877 869 959 τὰς
889 878 1045 966 κεφαλάς.
1071 917 1109 928 -

254 991 395 1074 Quibus
422 995 531 1062 rebus
558 994 731 1080 expositis
759 994 846 1060 satis
869 993 1013 1060 elucere
1045 993 1226 1074 existimo,
1259 992 1351 1058 duas

156 1105 252 1172 illas
270 1123 386 1188 voces,
406 1124 499 1191 quae
514 1105 551 1172 in
567 1107 757 1172 uenerant
772 1104 821 1171 ad
834 1103 983 1172 inferias
999 1101 1225 1171 Graecorum
1239 1103 1351 1186 signi-

158 1215 343 1299 ficandas,
366 1215 405 1282 id
426 1215 584 1298 firmare,
608 1215 704 1302 quod
722 1215 793 1282 alie
808 1215 919 1282 medo
935 1214 1185 1282 demonstrare
1201 1216 1352 1280 conatus

162 1343 265 1394 sum:
290 1325 465 1392 animalia
485 1323 624 1392 inferiis
647 1324 812 1393 adhibita
833 1345 922 1408 esse,
947 1345 1104 1412 querum
1126 1324 1276 1410 sanguis
1298 1324 1352 1390 iu-

163 1437 265 1522 gulis
287 1437 411 1504 scissis
433 1436 586 1503 mortuis
618 1435 807 1504 offerretur
836 1456 954 1523 neque
984 1455 1148 1522 unquam
1171 1435 1253 1522 ipsa
1275 1453 1352 1501 cer-

164 1567 260 1634 pora
286 1567 352 1634 pro
376 1545 557 1614 alimentis
579 1545 786 1614 sacrificata
806 1565 894 1614 esse.
921 1583 957 1590 -
988 1543 1097 1626 Quod
1123 1545 1279 1632 pertinet
1302 1544 1354 1612 ad
1450 1545 1451 1548 ’

168 1658 432 1726 caerimoniam
454 1655 748 1743 Thesmophoriis
778 1656 927 1739 factam,
959 1657 1023 1724 ubi
1053 1676 1137 1724 sues
1167 1657 1207 1724 in
1236 1655 1353 1724 sesses

173 1760 357 1851 (χάσματα,
388 1763 528 1850 μέγαρα,
562 1757 679 1849 ἄδυτα)
702 1767 1022 1852 demergebantur,
1052 1765 1123 1834 hcc
1145 1786 1219 1832 non
1242 1767 1353 1833 sacri-

170 1878 296 1947 ficium
321 1877 534 1946 habendum
560 1897 653 1962 esse,
686 1877 794 1964 quate
815 1879 943 1946 vinum
964 1881 1001 1944 et
1023 1878 1174 1963 sanguis
1200 1877 1353 1944 mmtuis

173 1990 386 2072 offeruntur,
413 1987 499 2056 hinc
521 1989 664 2056 elucere
685 1991 787 2075 puto,
815 1988 913 2075 quod
940 2007 1095 2075 corpora
1115 1990 1259 2054 mortuo
1281 2006 1354 2064 ncn

173 2101 253 2168 cibe
270 2100 453 2168 dabantur
476 2099 541 2166 sed
563 2099 711 2186 putrida
731 2098 863 2166 effossa
886 2098 934 2165 ad
956 2098 1223 2185 superstitiosas
1247 2116 1354 2184 quas-

173 2212 258 2279 dam
281 2229 339 2278 res
361 2209 639 2278 adhibebantur.

261 2321 318 2389 Ad
333 2320 486 2389 heroum
501 2321 640 2388 cultum
655 2324 793 2407 spectat
809 2321 1101 2408 anaglyphcrum
1115 2339 1241 2406 genus,
1261 2339 1354 2408 quae

172 2433 331 2520 plurima
353 2435 498 2499 servata
520 2437 619 2513 sunt3
643 2431 836 2518 dequibus
858 2451 944 2499 cum
965 2433 1041 2498 iam
1063 2451 1170 2518 saepe
1193 2431 1354 2517 disputa-

172 2547 249 2611 tum
282 2542 374 2626 sit‚²)
405 2541 475 2610 hec
501 2542 582 2610 loco
608 2561 682 2608 non
708 2540 842 2610 faciam
865 2543 936 2610 nisi
961 2562 1080 2630 pauca
1103 2543 1224 2610 verba.
1269 2539 1353 2609 Duo

172 2673 307 2740 genera
329 2653 570 2721 discernenda
586 2655 678 2736 sunt,
701 2654 870 2738 primurn,
893 2653 957 2721 ubi
979 2656 1143 2720 mortuus
1167 2652 1226 2719 vei
1247 2651 1354 2720 heros

171 2801 213 2812 —
225 2784 312 2831 nam
321 2767 475 2851 utraque
491 2782 563 2830 vox
577 2763 676 2830 idem
685 2763 782 2830 valet
792 2800 832 2808 -
841 2764 964 2832 iacens
973 2763 1012 2830 in
1027 2763 1130 2846 lecte,
1147 2767 1230 2830 ante
1245 2783 1354 2850 quem

172 2895 302 2946 mensa
322 2875 505 2942 invenitur
527 2874 618 2942 cibis
641 2877 839 2956 exstructa,
867 2874 927 2942 vel
952 2878 1118 2961 pateram
1140 2874 1267 2953 tenet³t
1296 2875 1356 2942 vei

172 2989 251 3074 ipse
270 2987 343 3054 sibi
365 2985 524 3052 infundit
544 2985 713 3066 vinumst)
758 2982 875 3064 Quem
896 2985 1119 3053 exadversus
1141 2985 1355 3072 plerumque

173 3097 305 3164 mulier
327 3099 454 3179 exstat,
478 3115 571 3182 quae
592 3116 686 3162 uxor
701 3099 756 3164 est
770 3094 941 3164 habenda
955 3095 1123 3164 defuncti.
1162 3095 1264 3162 Haec
1280 3095 1355 3182 ple-

174 3228 327 3294 rumque
358 3208 396 3274 in
417 3206 538 3273 herois
569 3206 663 3274 lecto
695 3206 797 3274 sedet
828 3207 940 3274 otiose
972 3209 1186 3295 spectans35)
1218 3206 1284 3273 sed
1314 3205 1356 3272 fit

174 3338 335 3405 quoque,
371 3321 412 3384 ut
441 3319 522 3404 ipsa
551 3318 732 3405 particeps
762 3319 970 3385 inveniatur
1000 3319 1242 3386 caerimoniae
1272 3319 1355 3384 tura

174 3429 387 3516 spargens.⁶)
430 3427 521 3497 Fere
543 3449 733 3514 nunquam
755 3429 856 3497 deest
877 3449 980 3515 puer,
1008 3429 1071 3515 qui
1093 3430 1169 3496 vini
1191 3429 1355 3495 minister

262 3647 506 3716 patema

261 3752 283 3817 ²)
302 3749 408 3822 Optime
434 3752 467 3806 de
492 3751 535 3806 his
563 3752 641 3806 rebus
671 3749 820 3820 disputavit
846 3751 878 3805 A.
902 3751 1096 3820 hhrtwtngler:
1127 3751 1282 3817 umidum
1308 3769 1355 3804 zur

176 3835 333 3903 Sammlung
350 3835 489 3891 Sabourcff
511 3854 537 3906 p.
558 3837 590 3890 16
608 3853 664 3906 sqq.
700 3835 739 3890 cf.
759 3833 1047 3890 FriedricheWolters:
1066 3834 1247 3906 Gipsabgtsse
1262 3853 1286 3906 p.
1300 3837 1351 3890 347

175 3937 232 3992 sqq.
250 3938 292 3976 no.
312 3921 378 3975 1052
396 3937 453 3992 sqq.
471 3920 628 3976 Hollinder:
647 3920 681 3974 de
698 3920 854 3991 anaglyphis
873 3921 1067 3991 sepulcralibus
1084 3925 1134 3977 etc.

262 4030 339 4097 ³)Cf.
358 4031 512 4102 Ephemeris
532 4031 599 4085 1840
616 4045 657 4084 no.
676 4031 726 4085 269
745 4053 778 4073 =
796 4031 893 4085 IeBas
911 4033 950 4085 tb.
968 4031 1010 4086 58.
1038 4030 1148 4101 Ephem.
1164 4031 1229 4086 1881)
1243 4049 1283 4085 nc.
1296 4032 1355 4086 305.

174 4115 453 4172 Friedrichs-Wolters
470 4134 512 4171 no.
532 4116 677 4170 1052-55.
697 4117 771 4170 1066.

261 4223 283 4298 ⁴)
302 4223 340 4282 01.
358 4225 494 4298 Ephemer.
515 4225 640 4282 1842110.
658 4223 709 4281 853
728 4251 760 4270 =
778 4227 815 4281 le
832 4225 885 4280 Bas
904 4227 942 4280 tb.
960 4226 994 4280 55
1013 4231 1063 4282 etc.

262 4342 283 4403 ⁶)
302 4335 342 4393 Cf.
359 4333 497 4409 Ephemer.
516 4337 583 4393 1840
600 4355 640 4393 no.
659 4337 709 4392 269
728 4340 778 4392 stc.

262 4442 283 4508 ο)
301 4439 438 4511 Ephsmer.
459 4441 526 4496 1842
542 4459 584 4496 no.
603 4439 654 4496 853
671 4464 704 4484 --
724 4438 762 4496 Le
779 4441 832 4495 Bas
851 4442 894 4495 55.
