3316 5200
763 437 978 500 ..76-

279 620 391 688 ribus.
430 619 577 704 Stengel
601 641 632 686 v.
659 620 691 686 d.
717 619 761 687 de
782 619 851 687 hac
867 640 907 687 re
923 620 1123 702 disseruit¹)
1139 625 1175 689 et
1190 621 1358 688 omnibus
1372 619 1470 688 locis

280 730 516 798 consideratis
534 729 607 798 mel
630 751 673 799 ac
689 731 816 797 vinum
837 731 1051 819 plerumque
1075 751 1154 798 esse
1180 730 1305 799 oblata
1328 731 1464 799 docuit.

280 839 423 928 Optime
450 842 666 926 incipiamus
690 842 736 908 ab
758 842 803 908 iis
825 841 1030 928 liquoribus
1051 843 1189 925 mixtis,
1217 861 1308 929 quos
1332 839 1471 910 Graeci

279 952 462 1020 vocabant
491 945 726 1035 μελίκρατονῖ)
770 951 984 1020 Eusthatius
1013 953 1061 1019 ad
1086 952 1239 1020 Homeri
1262 951 1392 1039 Odyss.
1415 951 1466 1019 X.

280 1066 352 1130 519.
375 1061 465 1131 haec
486 1063 756 1130 animadvertit:
779 1057 973 1146 μελίκρατον
988 1060 1024 1127 δὲ
1040 1057 1071 1126 οἱ
1087 1059 1233 1127 παλαιοὶ
1246 1056 1353 1147 μῖγμα
1377 1082 1466 1147 φασι

278 1169 410 1254 μέλιτος
431 1170 489 1236 καὶ
504 1165 665 1256 γάλακτος
679 1170 825 1237 ἐνταῦθα
849 1167 881 1237 οἱ
903 1170 1015 1255 μέντοι
1030 1163 1111 1255 μεθ’
1130 1164 1268 1260 ’Όμηρον
1288 1169 1382 1256 μέχρι
1404 1170 1467 1236 καὶ

279 1280 312 1359 ές
339 1276 413 1366 α’ρτι
435 1283 545 1366 κρᾶμα
567 1279 699 1366 μέλιτος
720 1280 778 1347 καὶ
805 1273 924 1360 ὕδατος
944 1278 982 1348 τὸ
1005 1279 1199 1368 μελίκρατον
1222 1277 1344 1351 οἴδασι.
1392 1289 1468 1369 Nq-

279 1387 400 1478 φάλιον
425 1391 461 1457 δὲ
492 1386 587 1476 πόμα
614 1387 710 1458 καθὰ
739 1389 777 1459 τὸ
804 1390 840 1472 ἐξ
859 1386 991 1474 ὕδατος,
1024 1384 1108 1460 οὕτω
1134 1392 1192 1458 καὶ
1214 1389 1251 1459 τό
1275 1389 1311 1459 ἐκ
1332 1392 1469 1476 μέλιτος

280 1506 403 1584 ψυχαῖς
428 1502 561 1587 πρέπον
586 1502 645 1568 καὶ
672 1496 755 1581 ὅλως
781 1508 852 1582 τοῖς
877 1502 911 1568 έν
934 1506 1054 1570 Αἴδου.
1080 1543 1119 1552 -
1146 1507 1202 1575 Do
1229 1506 1362 1574 haere
1387 1507 1468 1574 iam

279 1616 427 1704 Stcngel
434 1620 531 1684 recte
546 1616 759 1702 iudicavit‚³)
776 1638 860 1685 cum
876 1618 1069 1700 contendit,
1085 1618 1203 1686 inhoc
1218 1622 1306 1705 potu
1320 1637 1468 1704 semper

278 1727 391 1796 fuisse
412 1728 481 1811 lac,
504 1713 545 1794 ut
565 1722 760 1811 μελίκρατον
782 1749 827 1795 ex
849 1728 956 1796 melle
979 1733 1014 1795 et
1034 1728 1128 1796 lacte
1151 1733 1318 1796 constare
1340 1729 1466 1795 existi-

279 1839 456 1906 mandum
479 1839 533 1906 sit.
580 1836 680 1918 Quae
702 1840 949 1926 interpretatio
972 1839 1139 1906 firmatur
1162 1840 1243 1906 aliis
1265 1839 1370 1921 locis,
1399 1839 1468 1906 ubi

278 1944 471 2032 μελίκρατον
502 1948 573 2016 hoo
602 1949 712 2016 modo
741 1949 955 2036 explicatur:
987 1954 1028 2017 ut
1054 1949 1173 2019 Schol.
1196 1949 1321 2031 Eurip.
1346 1948 1464 2017 Orest.

278 2080 330 2128 vs.
357 2063 431 2128 115:
456 2050 534 2124 hav
556 2053 616 2144 γὰρ
639 2055 812 2147 ἐπιχέηται
836 2051 923 2136 οἶνος
944 2060 991 2144 τῷ
1012 2055 1049 2124 ἐκ
1070 2057 1202 2141 μέλιτος
1224 2057 1282 2124 καὶ
1301 2053 1468 2144 γάλακτος

278 2164 424 2254 κράματι
446 2165 657 2247 ἐπιπολαίως
687 2173 804 2234 κεῖται.
851 2171 902 2238 Of.
935 2171 1320 2258 Ρο1Ρ1111111111ιαεί)
1358 2167 1466 2233 σπέν-

279 2282 391 2346 δουσιν
422 2276 453 2345 οἳ
475 2278 678 2365 ,ψυχαγωγοὶ
707 2279 783 2362 μέλι
809 2279 1006 2365 κεκραμένον
1032 2276 1181 2364 γάλακτι.
1226 2281 1277 2348 At
1302 2281 1467 2350 dubitari

278 2414 353 2460 non
382 2396 511 2480 potest,
544 2393 631 2480 quin
664 2413 922 2480 saepenumero
949 2393 1021 2460 illis
1044 2394 1247 2481 liquoribus
1274 2413 1371 2480 aqua
1397 2393 1465 2460 ad-

278 2505 403 2571 iuncta
432 2504 519 2584 1115)
551 2539 593 2550 -
624 2504 704 2570 Iam
734 2504 842 2590 plura
874 2504 918 2571 de
954 2507 1182 2572 mortuorum
1216 2504 1316 2572 cultu
1351 2503 1465 2571 refert

278 2613 538 2700 Eusthatiusfi)
572 2603 657 2700 ἄμφ’
683 2604 772 2698 αὐτῷ
800 2615 861 2697 (so.
884 2607 1014 2699 βόθρῳ)
1037 2611 1073 2678 δέ
1093 2606 1172 2700 χοήν
1193 2636 1276 2701 φησι
1299 2614 1386 2678 πᾶσι
1410 2637 1463 2678 νε·

277 2705 399 2803 κέεσσι,
423 2723 540 2808 πρῶτα
562 2717 753 2810 μελικρήτῳ,
776 2721 952 2805 μετέπειτα
975 2713 1276 2810 (1ὲὴ1111111),τὸ
1299 2721 1335 2788 δέ
1352 2719 1464 2807 τρίτον

279 2821 362 2899 αὖθ’
391 2823 487 2898 ὕδατι
513 2823 557 2912 ὡς
584 2825 749 2898 εἶναικαὶ
780 2833 891 2915 τοῦτο,
924 2824 994 2898 οἷον
1025 2828 1155 2919 τριττύν
1184 2859 1258 2899 τινα
1290 2825 1462 2921 ἢτριττὸν

277 2940 363 3009 κατὰ
390 2939 449 3031 τὴν
475 2945 540 3008 τῶν
566 2942 737 3028 θυομένων
762 2939 861 3023 ζώων.
906 2945 992 3014 Tres
1019 2947 1179 3033 liquores
1207 2946 1288 3014 aliis
1316 2967 1461 3034 quoque

276 3058 366 3125 locis
392 3057 629 3125 inveniuntur
656 3060 763 3144 atque
794 3058 862 3125 suh
888 3077 962 3123 uno
985 3058 1132 3124 nomine
1162 3054 1239 3136 χοαὶ
1265 3051 1461 3140 τρίσπονδοι

277 3172 465 3236 vocantur.
511 3166 715 3235 Scholiasta
737 3168 786 3235 ad
801 3166 968 3254 Sophocl.
992 3167 1115 3252 Antig.
1140 3167 1460 3235 114291111οῶ-

278 3280 338 3347 cit:
364 3280 478 3358 χοαῖσι
500 3273 731 3361 τρισπόνδοισι
753 3273 810 3342 τὸν
832 3272 923 3341 νικίν
946 3271 1316 3362 στέφει]τρισπίνδοισι;
1338 3275 1459 3359 μέλιτι,

277 3381 426 3474 γάλακτι,
450 3383 537 3472 οίνιρ.
583 3387 683 3470 Quae
706 3390 953 3477 interpretatio
980 3410 1069 3457 uum
1092 3391 1138 3456 sit
1163 3389 1355 3477 probanda
1377 3409 1461 3457 nes-

277 3503 342 3569 cio.
380 3501 478 3568 Nam
500 3500 573 3568 illis
596 3500 778 3568 Eusthatii
801 3501 922 3567 verbis
944 3501 1125 3587 inspectis,
1147 3500 1228 3568 fieri
1246 3520 1352 3588 posse
1375 3521 1460 3568 cen-

277 3631 351 3695 sae,
383 3615 424 3679 ut
444 3608 520 3693 μέλι
543 3614 578 3679 et
598 3604 683 3695 μάλα
715 3631 790 3678 una
819 3611 945 3678 libatio
977 3605 1169 3694 μελίκρατον
1198 3610 1371 3680 habenda
1401 3612 1458 3695 sit,

277 3723 392 3790 altera
413 3724 555 3806 vinum,
588 3722 693 3789 tertia
720 3742 824 3808 aqua.
870 3720 943 3790 Sed
967 3722 1012 3789 de
1034 3721 1104 3790 hac
1126 3743 1166 3790 re
1189 3742 1362 3809 quaerere
1384 3742 1460 3790 non

369 3981 388 4044 1)
405 3978 561 4047 Philologus
581 3978 647 4032 1880
664 3996 689 4047 p.
709 3977 837 4031 ars-81.

364 4065 385 4130 ²)
404 4063 443 4120 Cf.
461 4063 569 4118 Diodor.
591 4061 620 4115 V.
640 4064 680 4116 62.

362 4149 384 4214 ³)
402 4148 441 4204 cf.
459 4148 556 4202 Adnot.
577 4150 600 4201 1.

360 4235 381 4298 Δ)
400 4234 432 4288 de
450 4237 518 4287 antr.
537 4233 643 4301 nymph.
663 4250 684 4285 c.
703 4232 745 4286 28.

361 4317 439 4386 5)(1ί.
459 4317 579 4387 Sophocl.
615 4316 678 4372 Oed.
697 4316 752 4372 Col.
770 4334 807 4370 vs.
826 4317 878 4369 474
896 4333 954 4370 cum
973 4315 1066 4375 Schol..
1087 4315 1149 4368 alic.

361 4405 382 4468 ο)
401 4403 435 4457 ad
452 4403 530 4456 Hom.
549 4401 597 4457 Od.
617 4401 649 4456 X.
668 4403 726 4457 517.
