3316 5200
689 468 900 528 ..27-

289 654 478 722 Postromo
501 654 670 721 Priamus
694 656 819 740 paucis
842 655 965 722 verbis
987 654 1101 736 factis
1124 655 1162 720 in
1182 654 1312 720 urbem
1334 647 1392 721 re-

203 767 366 849 vertitur,
389 765 428 832 id
450 765 549 851 quod
571 768 678 852 pocta
701 764 769 832 hoc
792 764 901 832 modo
926 765 1110 832 describit:

253 915 316 978 310
360 902 379 995 ἦ
403 915 444 994 ῥα
467 907 525 973 καὶ
547 907 580 986 ἐς
601 905 718 996 δίφρον
740 899 840 993 ὅρνας
861 906 944 973 θέτο
967 903 1102 985 ἰσόθεος
1124 908 1202 994 (stig,

359 1011 399 1084 ἂν
422 1010 512 1102 (l'r’r'p'
537 1010 642 1104 ἔβαιν’
669 1012 775 1104 αἰνός,
798 1015 883 1084 κατὰ
906 1009 1017 1106 δ’ἡνία
1039 1021 1141 1084 τεῖνεν
1163 1008 1309 1083 ὀπίσσω·

360 1126 429 1216 mlo
452 1131 488 1196 δέ
511 1127 542 1197 oi
564 1121 725 1221 Ἀντήνωρ
748 1130 950 1216 περικαλλέα
973 1131 1090 1218 βήσετο
1113 1127 1238 1217 δίφρον.

359 1244 405 1306 τὼ
427 1241 487 1324 μὲν
509 1234 562 1327 ἄρ’
587 1233 731 1328 ὄὲψορροι
753 1241 853 1326 προτὶ
871 1233 968 1308 Ἴλιον
990 1233 1182 1309 ἀπονέοντο.

292 1389 458 1456 Breviter
480 1390 675 1473 conferam,
698 1409 791 1476 quae
814 1390 924 1457 refert
944 1394 1052 1477 poeta
1073 1389 1130 1456 his
1153 1390 1191 1456 in
1214 1389 1389 1456 versibus

206 1500 372 1566 Primum
393 1499 532 1568 fetiales
556 1501 724 1567 omuibus
748 1501 877 1583 allatis,
902 1520 994 1587 quae
1011 1520 1102 1587 opus
1118 1503 1203 1566 sunt
1217 1500 1391 1566 caerimo-

205 1613 298 1694 niae,
315 1611 457 1679 duabus
474 1611 613 1695 ovibus,
630 1613 733 1693 vino,v
749 1615 898 1694 cratere,
921 1611 1072 1697 poculis,
1095 1611 1223 1677 vinum
1238 1593 1424 1681 miscent&
1500 1609 1592 1645 Μ’*

207 1741 290 1788 cum
319 1741 415 1808 aqua
441 1722 479 1788 in
507 1723 708 1790 crateribus
736 1726 770 1789 et
798 1741 932 1809 aquam
958 1722 1149 1789 effundunt
1174 1723 1211 1789 in
1238 1720 1462 1811 heroumpyg
1526 1703 1531 1713 ’

206 1852 347 1899 manus.
393 1831 484 1898 Tum
506 1832 653 1901 Atrides
682 1854 767 1900 oves
795 1834 957 1901 crinibus
980 1834 1108 1921 capitis
1131 1833 1308 1901 subsectis
1332 1833 1421 1946 ‹le-sp·
1493 1861 1563 1898 m
1610 1905 1615 1916 ,

209 1947 316 2011 vovet
338 1943 415 2010 deis
438 1943 571 2012 inferis
584 1944 606 2026 ¹)
649 1945 708 2012 Fit
734 1965 892 2031 quoque,
923 1949 964 2010 ut
988 1943 1054 2011 hos
1078 1945 1195 2012 crines
1223 1944 1393 2010 manibus
1431 1957 1456 1969 ·’
1485 1949 1494 1961 ·

207 2057 386 2134 teneant2)
413 2056 596 2142 principes
619 2076 759 2140 eorum,
788 2057 850 2142 qui
876 2055 1011 2122 adsunt
1033 2056 1228 2137 sacrificio;
1260 2075 1333 2141 qua
1354 2074 1420 2128 re.
1445 2045 1498 2100 Ὗ

208 2166 291 2233 illos
313 2167 404 2233 iuris
426 2166 573 2233 iurandi
595 2168 789 2253 participes
812 2186 890 2234 esse
918 2167 1184 2251 significaturi)
1228 2165 1395 2252 Denique
1430 2225 1433 2232 .
1461 2208 1466 2223 ι

209 2277 297 2344 deos
327 2279 479 2343 testatus
511 2297 596 2344 oves
627 2277 811 2364 iugulatas
841 2276 946 2344 humi
976 2279 1079 2364 ponit
1109 2274 1306 2362 (κατέθηκεν
1336 2273 1433 2357 tnlg
1487 2287 1510 2347 ζ,

207 2385 350 2470 χθονός).
406 2384 547 2466 Quibus
581 2388 691 2454 rebus
721 2388 827 2456 factis
854 2389 981 2455 vinum
1011 2389 1147 2456 libatur
1179 2389 1256 2456 deis
1288 2391 1395 2474 atque
1434 2405 1470 2416 ··

210 2501 275 2582 ita,
303 2502 343 2565 ut
365 2497 468 2564 humi
491 2498 698 2566 effundatur
725 2501 842 2566 omnis
869 2500 990 2586 liquor
1017 2493 1162 2581 (ἔννεον),
1191 2520 1275 2567 cum
1297 2501 1395 2585 ipsos

212 2630 250 2677 se
277 2612 514 2677 exsecrantur
540 2611 618 2676 iure
640 2610 796 2677 iurando
825 2631 899 2677 uon
921 2614 1073 2678 servato.
1119 2609 1200 2677 Hac
1223 2611 1398 2678 caerimo-

211 2723 274 2787 nia
295 2721 408 2803 finita‚
431 2724 624 2807 postquam
639 2723 677 2788 in
694 2742 843 2790 currum
863 2722 1105 2789 ascenderunt
1119 2722 1289 2789 Priamus
1304 2723 1398 2788 eius-

213 2852 284 2919 que
307 2833 438 2917 auriga
459 2833 498 2899 in
520 2833 650 2900 urbem
672 2832 826 2899 redeunt
841 2833 971 2899 ovibus
994 2834 1032 2898 in
1052 2833 1181 2900 eodem
1204 2853 1313 2900 curru
1335 2853 1399 2918 po-

214 2944 302 3010 sitis.
347 2942 459 3010 Nullo
482 2943 562 3011 loco
586 2944 725 3011 dictum
751 2948 818 3027 est,
847 2963 933 3012 oves
958 2943 1035 3011 deis
1058 2963 1136 3012 esse
1160 2943 1398 3025 sacrificatam

213 3054 279 3121 sed
310 3074 465 3141 corpora
498 3054 602 3122 humi
631 3059 831 3141 ponuntur,
863 3059 904 3121 ut
935 3057 1085 3141 sanguis
1118 3055 1326 3123 effundatur
1360 3056 1399 3121 in

212 3169 362 3249 terram,
394 3186 475 3233 meo
507 3166 656 3253 quidem
685 3166 835 3249 iudicio,
866 3166 991 3234 libatio
1028 3167 1106 3233 deis
1137 3166 1262 3234 inferis
1290 3166 1397 3248 facta,

214 3278 355 3364 superis
371 3279 456 3343 vino
480 3277 611 3360 oblato,
635 3298 706 3364 quo
722 3298 797 3344 non
810 3278 981 3345 fruuntur
997 3277 1172 3361 homines,
1196 3278 1282 3364 quia
1298 3297 1400 3345 exse-

214 3389 375 3456 cratione
390 3389 576 3475 impurum
589 3388 639 3454 fit.
663 3387 864 3475 Postquam
873 3389 1023 3473 sanguis
1039 3409 1084 3455 ex
1098 3389 1234 3474 iugulis
1250 3389 1399 3470 effluxit,

216 3519 371 3586 corpora
391 3500 430 3566 in
446 3500 575 3567 urbem
590 3502 790 3586 portantur,
813 3503 854 3565 ut
869 3500 991 3587 aliquo
1007 3500 1117 3567 modo
1133 3503 1398 3568 removeantur.

216 3610 315 3678 Nam
342 3610 452 3677 simili
478 3610 587 3677 modo
616 3610 729 3678 altero
751 3610 814 3677 illo
839 3610 955 3693 locoi)
982 3631 1070 3697 aper
1092 3610 1278 3695 iugulatus
1301 3613 1401 3677 omni

215 3721 393 3808 sanguine
415 3721 562 3808 profuso
585 3722 623 3788 in
649 3741 750 3788 mare
774 3722 941 3804 mittitur,
974 3727 1013 3787 ut
1035 3722 1196 3808 piscibus
1216 3724 1262 3789 sit
1285 3722 1365 3789 cibo
1376 3726 1399 3802 ἢ)

307 3952 326 4019 ¹)
344 3951 383 4008 Cf.
400 3953 549 4007 Hermann:
569 3951 771 4006 Gotlesdienstl.
790 3950 888 4006 Altert
907 3970 932 4022 p.
953 3953 1009 4006 163.

303 4057 325 4119 ²)
343 4054 384 4111 Cf.
402 4052 565 4109 Schtmann:
586 4053 757 4110 Griechische
774 4054 871 4109 Altert.
890 4055 925 4108 ll.
943 4072 969 4125 p.
988 4056 1046 4109 230.

303 4157 325 4225 3)
344 4157 383 4214 cf.
403 4158 524 4226 Stengel:
543 4157 646 4213 Griech.
667 4154 850 4212 Sakraleltert.
869 4175 894 4228 p.
912 4159 982 4226 94s5.

305 4262 328 4327 ⁴)
348 4263 376 4314 'll
394 4279 432 4315 vs.
451 4261 502 4315 250
523 4279 578 4331 sqq.

307 4365 328 4430 5)
345 4363 415 4418 Nem
434 4359 486 4419 τὸν
505 4366 553 4428 (vs.
567 4365 630 4427 267)
648 4373 699 4418 non
718 4365 753 4418 vul
772 4361 931 4434 στόμαχον,
953 4364 1000 4418 sed
1024 4363 1059 4417 erl
1078 4356 1191 4433 κάπρον
1218 4366 1349 4432 spectare,
1372 4379 1402 4415 ex

220 4450 259 4503 eis
278 4450 364 4503 verbis
382 4449 496 4518 intelligi
515 4453 611 4520 potest,
629 4467 696 4520 quae
715 4450 843 4520 adscripsi
861 4468 886 4519 p.
905 4450 939 4503 26
957 4450 1000 4515 (Γ.
1018 4466 1055 4502 vs.
1073 4448 1142 4515 293),
1165 4449 1210 4502 ubi
1228 4457 1317 4502 vocem
1335 4443 1401 4511 τοῖς
