3316 5200
754 454 963 516 ..10-

266 639 444 724 religione
459 639 653 725 peregrina
674 637 838 719 imbutis,
864 635 1087 723 Thucydidis
1097 639 1119 719 ¹)
1142 637 1264 705 locum
1288 641 1455 725 spectare

268 745 437 836 equidem
468 768 686 835 persuasum
716 747 889 832 habeo‚²)
923 767 1144 835 quamquam
1177 749 1451 817 eoncedendum

266 863 329 944 661,
352 859 454 927 illam
477 859 669 927 lectionem
692 859 842 926 dubiam
865 879 952 926 6666.

354 969 454 1051 Quae
470 991 554 1038 cum
576 972 628 1037 ita
644 971 724 1052 sint,
749 970 982 1037 statuendum
997 989 1075 1037 esse
1096 969 1188 1037 mihi
1203 971 1355 1053 videtur,
1378 972 1449 1057 pri-

266 1081 502 1148 111111111111666
526 1079 753 1148 Graecorum
780 1080 1014 1163 sacrificium,
1045 1081 1083 1147 in
1115 1101 1186 1167 quo
1217 1082 1342 1166 fruges
1374 1081 1455 1148 deis

268 1193 510 1279 ponebantur,
541 1193 579 1258 in
613 1211 704 1279 quas
734 1191 860 1260 libatio
891 1191 1011 1259 fiebat.
1060 1191 1192 1259 Postea
1220 1197 1453 1259 accesserunt

267 1323 330 1370 eae
346 1302 597 1386 caerimoniae,
619 1303 806 1388 inquibus
822 1303 918 1386 ignis
933 1302 1211 1384 incendebatur3
1240 1306 1348 1389 atque
1364 1322 1447 1369 con-

157 1415 161 1423 “
269 1415 318 1482 ici
339 1414 433 1497 licet,
456 1415 616 1500 primum
637 1417 696 1479 tus
712 1413 912 1499 odoresque
920 1415 945 1491 3)
967 1417 1046 1479 tum
1061 1415 1228 1481 victimas
1243 1413 1455 1480 immolatas

271 1526 347 1593 deis
380 1526 589 1592 combustas
612 1543 699 1591 esse.
744 1524 823 1592 Iam
846 1523 997 1591 Homeri
1020 1525 1184 1591 carmina
1206 1525 1316 1591 ritum
1346 1524 1452 1591 11111111
1523 1520 1526 1524 ’

267 1635 453 1722 praebent,
477 1636 540 1720 qui
563 1636 686 1703 omnia
708 1649 897 1702 sacrorum
920 1653 1056 1720 genera
1079 1636 1274 1719 coniungit.

353 1745 495 1815 Summi
516 1747 691 1814 momenti
713 1749 775 1829 est,
799 1745 868 1813 hoe
890 1745 970 1813 loco
993 1766 1113 1832 pauca
1134 1747 1253 1814 faeere
1269 1746 1382 1813 verba
1405 1746 1453 1813 de

267 1857 519 1944 antiquissimo
542 1856 792 1924 Romanorum
815 1856 924 1940 cultu,
952 1859 1056 1924 cuius
1079 1857 1320 1924 caerimoniae
1343 1856 1451 1942 plane

266 1967 485 2054 respondere
516 1967 686 2034 videntur
716 1968 775 2050 116,
808 1987 898 2054 quas
931 1969 1201 2054 antiquissimas
1226 1966 1452 2035 Graecorum

268 2078 478 2145 statuendas
499 2097 576 2145 6666
600 2097 738 2145 censeo.
778 2076 884 2158 Quod
905 2080 1040 2144 mirum
1064 2077 1274 2146 habendum
1289 2082 1449 2159 nonest,

267 2190 441 2276 qnoniam
468 2189 628 2255 dubitari
649 2208 722 2255 non
745 2191 875 2274 potest,
908 2190 996 2275 quin
1018 2193 1171 2276 utraque
1194 2208 1283 2274 gens
1305 2190 1382 2255 iam
1402 2189 1475 2255 116·

267 2300 500 2385 temporibus,
524 2300 657 2385 quibus
679 2299 845 2366 nondum
868 2303 945 2366 erat
966 2301 1004 2366 111
1020 2319 1125 2366 suam
1141 2319 1305 2386 quaeque
1324 2299 1450 2386 penin-

268 2410 387 2477 sulam
409 2409 581 2497 profecta‚
605 2409 743 2476 eisdem
757 2429 825 2475 usa
840 2411 887 2475 sit
901 2411 1131 2477 caerimoniis
1146 2409 1341 2495 religiosis3
1363 2430 1451 2476 nam

267 2541 378 2607 supra
400 2520 571 2603 vidimus,
593 2519 900 2587 verisimillimum
922 2539 1010 2602 esse,
1033 2541 1141 2588 voces
1156 2515 1275 2602 λείβειν
1296 2524 1330 2588 61
1351 2521 1456 2586 libore·

267 2631 395 2698 eodem
417 2650 527 2698 sensu
549 2649 627 2697 esse
650 2629 833 2698 adhibitas
855 2632 985 2716 priscis
1007 2631 1239 2717 temporibus
1285 2631 1452 2698 Primum

265 2742 448 2828 inspicias,
472 2761 564 2828 qnae
579 2740 689 2808 refert
704 2740 922 2809 Plutarchus
941 2740 1081 2824 (Numa
1097 2743 1143 2823 Sl:
1168 2730 1366 2823 ἆναίματτοι
1390 2736 1450 2825 γὰρ

266 2839 350 2938 ἦσαν
373 2851 412 2914 αἵ
432 2873 467 2934 γε
488 2848 615 2914 πολλοὶ
638 2851 703 2935 (so.
726 2847 876 2936 θυσίαι),
910 2839 956 2915 δι’
982 2840 1123 2937 ἀλφίτου
1145 2849 1205 2914 καί
1227 2851 1372 2935 σπονδῆς
1393 2851 1452 2915 καί

266 2975 331 3026 τον
346 2955 579 3026 εὐτελεστάτων
595 2958 829 3046 πεποιημέναι.
868 2962 1007 3043 Quibus
1024 2985 1043 3031 e
1058 2965 1179 3032 verbis
1196 2964 1338 3031 elucere
1352 2966 1455 3051 puto,

268 3074 334 3142 illa
366 3094 486 3157 sacra,
519 3093 612 3160 quae
639 3094 661 3139 a
687 3073 812 3140 Numa
844 3074 1008 3140 instituta
1034 3074 1206 3161 pleraque
1236 3074 1374 3142 fiebant
1404 3062 1449 3136 δι’

270 3174 410 3270 ἀλφίτου
432 3181 490 3246 καί
514 3183 667 3270 σπονδῆς,
691 3184 907 3271 perantiqua
928 3185 1054 3268 fuisse3
1076 3185 1115 3252 id
1139 3185 1236 3272 quod
1260 3184 1331 3252 alio
1354 3187 1451 3252 testi-

269 3297 390 3364 monio
413 3296 553 3362 firmari
575 3299 700 3383 potest.
738 3295 836 3362 Nam
850 3295 1049 3382 Dionysius
1064 3296 1311 3364 Halicarnass.
1337 3296 1452 3377 (Anti-

271 3409 357 3494 quit.
378 3427 467 3474 rom.
484 3405 530 3473 ΙΙ.
554 3406 693 3473 XXIII.
717 3412 747 3473 4.
767 3407 809 3489 5),
833 3407 897 3474 ubi
920 3407 964 3474 de
979 3407 1122 3474 Numae
1145 3409 1317 3474 institutis
1341 3407 1453 3474 disse-

360 3633 366 3662 ¹
396 3629 418 3684 I.
438 3630 495 3684 126.

359 3631 380 3798 ²}
400 3731 438 3787 01.
456 3732 604 3787 Hermann:
624 3729 825 3786 Gottesdienstl.
844 3730 1027 3785 Altertiimer.'²
1045 3749 1069 3800 p.
1089 3731 1147 3798 403,
1166 3729 1324 3785 Sehiimann.
1342 3731 1359 3783 l.
1379 3748 1400 3784 c.
1420 3729 1454 3783 H.

275 3835 301 3887 p.
319 3817 379 3871 487.

358 3919 380 3986 ³)
398 3917 436 3974 01.
455 3919 591 3972 Hermann
610 3918 629 3973 1.
647 3935 668 3972 c.
687 3935 713 3988 p.
733 3917 790 3970 141.
826 3918 884 3971 Hor
911 3918 1024 3972 alterum
1052 3918 1174 3972 sacrificii
1201 3935 1286 3985 genus
1310 3917 1454 3986 significari

272 4022 363 4060 censeo
382 4005 529 4058 Pausaniae
547 4005 641 4071 verbis,
659 4004 706 4056 ubi
724 4003 789 4057 dicit
807 4003 840 4058 de
857 4003 980 4057 Eleorum
997 4004 1123 4072 religione
1141 4004 1183 4071 (V.
1201 4004 1239 4058 15.
1253 4005 1293 4068 6):
1308 3998 1454 4058 ‘Exa'etov

272 4089 303 4144 δὲ
322 4081 402 4156 ἅπαξ
419 4094 472 4145 τοῦ
489 4085 579 4160 μηνὸς
599 4087 720 4144 θύουσιν
740 4087 787 4143 ἐπὶ
804 4086 924 4144 πάντων
938 4085 1044 4145 Ἠλεῖοι
1064 4095 1122 4145 τῶν
1145 4085 1379 4158 κατειλεγμένων
1397 4093 1452 4159 βω-

271 4176 342 4242 μῶν.
371 4172 475 4232 θύουσι
490 4173 520 4230 δὲ
534 4170 656 4246 ἀρχαῖόν
669 4193 733 4230 τινα
746 4172 872 4245 τρόπον·
887 4169 1050 4246 λιβανωτὸν
1062 4171 1120 4247 γὰρ
1133 4169 1210 4243 ὁμοῦ
1222 4182 1327 4246 πυροῖν
1344 4193 1460 4244 penny-

223 4314 240 4344 ι,
271 4256 372 4328 με’νοις
389 4259 483 4330 μέλιτι
510 4262 657 4327 θυμιῶσιν
684 4256 731 4316 ἐπὶ
758 4261 817 4316 τῶν
838 4265 951 4329 θυμῶν.
971 4257 1087 4317 τιθέασι
1108 4261 1139 4316 δὲ
1157 4261 1206 4316 καί
1219 4264 1334 4325 κλῶνας
1352 4258 1455 4324 ἐλαίας

264 4341 424 4486 οξζίιζνυιτίτξιότῖ
437 4347 487 4402 καί
506 4341 576 4419 οἷ’νῳ
593 4345 719 4416 χρῶνται
740 4351 860 4416 σπονδῇ.
897 4346 934 4402 01.
955 4346 986 4402 G.
1005 4347 1148 4402 0111111161.
1170 4365 1190 4400 e.
1210 4365 1235 4416 p.
1248 4347 1298 4400 259
1311 4349 1339 4400 61
1356 4345 1459 4400 Athen„

229 4439 235 4448 '
291 4434 348 4487 *Hs*
361 4434 419 4487 5101
