3316 5200
650 475 862 536 ..57-

252 661 287 726 ot
309 677 360 726 vs.
389 661 462 726 182:

211 775 287 850 Εἶσι
312 781 349 849 δὲ
371 779 537 871 φορμίζων
559 785 696 872 Λητσῐς
718 781 878 869 ἕρικύδεσς
901 779 971 860 υἱὸς

210 888 369 980 φόρμιγγι
391 895 540 982 γλαφνρῖ
562 888 645 980 πρὸς
667 889 777 959 Πυθώ
799 888 1006 980 πετρήεσσαν

210 995 361 1091 ἄμβροτα
384 997 492 1089 εἵματ’
518 1002 605 1087 ἔχων,
628 1009 834 1089 τεθυωμένα·
858 1009 930 1071 τοῖο
953 1004 989 1071 δὲ
1011 998 1155 1092 φόρμιγξ

208 1114 346 1201 χρυσέου
369 1107 436 1182 ὑπὸ
458 1111 625 1204 πλήκτρου
647 1112 790 1202 καναχὴν
811 1113 874 1198 iicet
898 1110 1100 1200 ἱμερόεσσαν.

253 1261 355 1343 Quae
377 1267 502 1350 poetae
526 1265 640 1331 verba
662 1265 796 1350 optime
817 1264 1049 1331 illustrantur
1070 1262 1231 1346 vasculo,
1255 1261 1351 1342 quod

169 1375 244 1441 vidi
265 1375 305 1442 in
326 1393 452 1442 museo
475 1373 710 1442 Bononiensi:
748 1374 791 1442 In
818 1361 940 1442 media
965 1383 1068 1461 parte
1089 1372 1224 1460 Apollo
1251 1372 1352 1440 sedet

167 1487 204 1553 in
219 1485 321 1568 sella,
345 1505 435 1566 quae
451 1504 582 1570 graece
598 1489 750 1554 vocatur
764 1481 909 1568 κλισμὸς,
932 1485 1043 1570 longa
1063 1488 1161 1552 veste
1184 1486 1219 1550 et
1240 1482 1351 1570 pallio

167 1596 331 1677 indutus;
355 1596 502 1663 sinistra
517 1596 696 1664 citharam
710 1599 837 1664 tenens
853 1597 983 1664 dextra
1003 1595 1157 1683 porrigit
1178 1597 1352 1681 pateram.

168 1707 216 1774 Ut
242 1709 316 1775 iam
349 1711 456 1774 antea
486 1707 659 1789 vidimus,
691 1707 812 1774 Diana
839 1708 1162 1794 appropinquat-
1189 1705 1354 1791 superior

169 1819 332 1905 corporis
354 1837 441 1904 pars
467 1817 584 1886 fracta
606 1821 674 1900 est,
702 1818 767 1885 sed
789 1838 907 1901 cerva,
918 1820 941 1899 ¹)
965 1838 1056 1898 quae
1079 1819 1112 1884 ei
1136 1819 1243 1898 astat,
1266 1815 1354 1883 Dia-

167 1950 254 1996 nam
287 1928 357 1996 hoc
388 1928 470 1996 loco
501 1929 658 1996 inveniri
687 1929 863 2015 probatur
892 1965 931 1975 -
959 1931 999 1995 ut
1027 1928 1155 1994 vinum
1185 1925 1355 1993 infundat

169 2040 288 2122 fratri3
320 2039 493 2127 pharetra
523 2039 562 2107 in
589 2041 725 2127 pariete
747 2040 889 2126 pendet.
936 2038 1024 2106 Post
1045 2025 1255 2125 Apollinem
1277 2057 1355 2103 ma·

170 2155 290 2235 trona‚
323 2171 413 2233 quae
444 2149 587 2218 Latona
617 2151 788 2218 habenda
819 2155 890 2234 est,
923 2151 1094 2237 sagittam
1125 2151 1221 2217 tenet
1252 2148 1355 2229 quasi

170 2261 340 2345 ludendo,
364 2282 482 2345 quam,
505 2265 546 2329 ut
560 2262 726 2343 equidem
741 2261 832 2328 mihi
847 2262 1029 2348 persuasi,
1053 2282 1071 2328 e
1094 2260 1161 2327 filii
1183 2259 1355 2346 pharetra

172 2374 339 2460 sumpsit;
368 2394 439 2454 qua
464 2393 504 2440 re
528 2373 769 2441 demonstrari
792 2392 936 2455 censeo,
959 2393 1061 2440 nunc
1079 2371 1226 2458 proeliis
1249 2372 1354 2450 atque

172 2484 310 2571 asperis
339 2484 492 2551 sublatis
518 2484 739 2551 hilaritatem
766 2485 854 2551 artis
881 2484 1041 2551 musicae
1072 2483 1205 2567 vigere.
1239 2479 1355 2562 Quid?

173 2593 351 2662 Omnibus
374 2595 430 2662 his
446 2595 606 2662 vasculis
629 2595 866 2663 consideratis
889 2615 1009 2661 nonne
1033 2594 1078 2661 dc
1093 2592 1234 2679 Pythiis
1257 2593 1355 2677 cogi-

170 2705 324 2773 tandum
347 2707 422 2772 est?
467 2703 636 2789 Graecos,
661 2707 797 2792 opinor,
821 2705 911 2772 haec
936 2705 1086 2773 vascula
1108 2702 1355 2790 contemplan-

173 2819 225 2883 tes
248 2818 287 2883 in
310 2817 431 2883 animo
454 2816 636 2899 habuisse,
662 2816 869 2903 Apollinem
888 2836 962 2882 non
984 2819 1060 2882 tam
1082 2814 1189 2881 ludos
1204 2812 1355 2899 Pythios

172 2927 343 3010 condere,
371 2947 479 3009 quam
506 2928 626 3013 ipsum
648 2929 808 3014 primum
830 2947 1005 3007 quemque
1030 2925 1161 2992 ludum
1182 2923 1355 2992 incohare

173 3037 431 3106 citharizando.
470 3036 570 3118 Quae
594 3038 802 3105 coniectura
817 3038 936 3118 aliquo
959 3037 1069 3104 modo
1085 3036 1252 3103 firmatur
1273 3054 1357 3102 vas-

173 3150 270 3231 culo,
303 3149 398 3230 quod
432 3149 653 3216 delineatum
684 3151 738 3216 est
769 3149 867 3235 apud
895 3149 940 3217 do
962 3147 1129 3229 wittae:
1166 3146 1264 3213 Nam
1286 3145 1355 3212 hoc

176 3261 253 3328 loco
285 3280 358 3326 non
390 3262 428 3327 in
460 3281 563 3327 aram
593 3259 780 3347 profundit
810 3260 1023 3328 libationem
1045 3257 1192 3345 Apollo,
1224 3256 1289 3324 scd
1319 3258 1357 3323 in

174 3370 406 3458 omphalum‚
444 3373 504 3452 qui
540 3373 638 3439 vittis
674 3371 790 3439 laneis
822 3374 971 3439 ornatus
1007 3371 1046 3437 in
1077 3369 1197 3436 medio
1229 3370 1356 3435 exstat.

173 3481 324 3549 Praeter
355 3502 516 3550 sororem
545 3485 580 3548 et
609 3484 764 3550 matrem
786 3482 990 3549 Mercurius
1021 3480 1219 3562 invenitur,
1252 3499 1358 3560 quem

175 3593 327 3660 deorum
350 3595 518 3660 nuntium
534 3593 607 3660 diei
628 3592 718 3660 festo
735 3593 863 3660 adesse
886 3592 1019 3678 optime
1034 3589 1211 3658 convenit.
1286 3587 1359 3657 Sed

173 3725 240 3792 pro
269 3707 366 3772 oe1to
398 3705 529 3788 habe0,
561 3705 840 3773 sollemnitatem
867 3706 906 3772 in
929 3704 1097 3771 omnibus
1119 3703 1177 3800 bis
1199 3702 1358 3770 vasculis

174 3817 311 3902 pictam
334 3835 426 3899 esse,
450 3816 547 3897 quod
568 3816 689 3883 Diana
711 3835 814 3883 soror
835 3815 1049 3883 libationem
1070 3815 1265 3891 ministrat,
1290 3832 1360 3894 qua

176 3927 220 3994 de
244 3947 283 3994 re
304 3930 431 4013 postea
446 3927 560 3994 verba
579 3926 722 3994 faciam.
739 3925 939 3995 -Similia
961 3945 1039 3994 esse
1060 3924 1297 4010 intelligenda
1319 3925 1358 3990 in

176 4035 394 4124 anaglyphis
418 4037 654 4120 quibusdam,
682 4038 745 4104 ubi
767 4037 900 4124 Apollo
924 4035 1155 4104 citharoedus
1178 4055 1359 4103 unacum

177 4152 293 4217 matre
309 4168 352 4216 ac
368 4168 492 4215 sorore
507 4151 683 4230 versatur,
707 4148 924 4216 contendere
945 4168 1018 4213 non
1034 4147 1170 4214 dubito.
1208 4144 1359 4214 Sollem-

267 4365 287 4428 ·)
305 4361 342 4417 cf.
362 4362 433 4416 urite
450 4360 543 4416 otram.
563 4359 596 4411 u.
615 4340 657 4414 2'4.
675 4361 716 4415 ss.
735 4361 776 4414 μ.

265 4449 286 4515 ²)
305 4446 375 4502 unte
393 4445 485 4501 ceram.
505 4445 538 4498 Il.
557 4447 598 4499 26.
