3316 5200
796 446 1011 509 ..4g..

321 634 425 698 Otlrut
451 633 586 714 pestellt.
632 630 734 710 Quae
765 633 889 698 omnia
917 630 979 698 ille
1010 651 1043 696 ν.
1068 629 1101 696 d.
1134 651 1179 697 ex
1207 629 1390 697 Athenaei
1418 628 1498 698 loco

318 744 536 812 concludere
557 743 711 826 videtur,
734 742 797 829 qui
819 742 920 809 dicit:
951 735 1101 817 σπονδὰς
1122 737 1297 806 ἐποιοῦντο
1316 729 1415 826 Ἑρμῇ
1442 738 1498 804 καὶ

318 853 373 934 αι’-χ
394 845 439 931 ὡς
459 845 592 938 ὕστερον
613 850 673 918 Διὶ
693 848 815 937 τελείῳ.
860 852 932 922 Sed
958 852 1017 920 his
1038 853 1078 921 in
1099 853 1221 920 verbis
1242 873 1324 920 meo
1351 853 1499 940 quidem

319 967 453 1035 iudicio
475 966 604 1034 eodem
625 966 734 1032 modo
755 965 909 1052 oppositi
929 963 986 1031 illi
1008 963 1068 1032 dei
1089 965 1243 1049 eogitari
1263 966 1429 1051 possunt,
1457 983 1499 1030 ac

319 1078 528 1165 comparati.
582 1077 709 1163 Itaque
740 1097 825 1143 cum
854 1075 1051 1157 Mercurio,
1083 1077 1261 1161 quantum
1290 1074 1386 1158 seio,
1417 1074 1499 1141 talis

318 1191 490 1275 potestas
514 1207 587 1274 qua
608 1187 814 1273 praeditum
836 1206 920 1252 eum
941 1184 1093 1252 Nitzsch
1115 1186 1297 1272 opinatur,
1325 1185 1398 1252 alio
1419 1185 1499 1252 loco

318 1319 393 1365 non
423 1299 659 1381 attribuatur,
697 1296 883 1382 equidem,
920 1295 1043 1383 quoad
1073 1298 1243 1363 certiora·
1258 1296 1499 1377 inveniantur,

318 1411 416 1476 nitar
437 1408 619 1476 Mercurio
642 1427 808 1474 somnum
836 1408 1040 1493 praebente.
1050 1404 1075 1489 ¹)
1097 1443 1139 1452 -
1161 1405 1245 1474 Huc
1266 1406 1332 1474 illa
1358 1426 1501 1494 quoque

323 1522 461 1606 spectat
483 1520 656 1606 quaestio,
679 1538 773 1605 quae
786 1518 829 1584 fit
850 1518 895 1586 de
910 1518 995 1584 vino
1010 1518 1135 1599 mixto,
1159 1516 1258 1604 quod
1272 1517 1311 1584 iu
1333 1517 1499 1584 convivio

321 1630 503 1698 Mercurio
534 1629 603 1696 soli
628 1629 783 1697 libatum
814 1648 892 1696 esse
915 1627 1034 1697 Schol.
1062 1629 1172 1696 Arist.
1201 1628 1293 1695 Plut.
1326 1649 1378 1695 vs.
1410 1633 1499 1696 1132.

321 1742 466 1828 profert.
512 1740 584 1809 Sed
616 1739 793 1825 Stengel'2)
831 1740 1000 1807 omnibus
1037 1739 1251 1806 testimoniis
1286 1740 1502 1806 examinatis

323 1855 449 1919 vinum
478 1853 634 1920 effusum
664 1871 742 1918 esse
771 1852 928 1917 mixtum
954 1851 1122 1918 omnibus
1150 1850 1227 1918 deis
1253 1852 1332 1918 iure
1363 1853 1501 1931 statuit;

322 1983 463 2030 merum
494 1963 657 2030 oblatum
687 1982 761 2028 non
792 1980 889 2044 esse,
920 1963 991 2029 nisi
1025 1963 1065 2028 in
1093 1962 1173 2028 iure
1208 1962 1363 2028 iurando
1395 1965 1501 2049 atque

321 2077 358 2142 iu
390 2074 563 2142 libatione
596 2062 748 2157 Ἀγαθοῦ
782 2067 946 2153 δαίμονος.
979 2109 1017 2118 -
1050 2071 1148 2139 Nam
1183 2072 1394 2157 scholiasta,
1431 2094 1500 2161 quo

324 2186 401 2252 solo
428 2186 554 2253 nititur
580 2186 700 2271 opinio
722 2184 787 2252 illa
809 2184 915 2268 falsa,
947 2204 1021 2250 non
1047 2187 1144 2251 recte
1173 2184 1351 2251 intellexit
1376 2189 1501 2272 poetae

323 2297 449 2364 verba:
481 2289 570 2377 οἴμοι
602 2291 638 2358 δὲ
668 2288 799 2370 κύλικος
827 2289 902 2358 ἴσον
931 2288 994 2378 i'oqr
1025 2291 1234 2380 κεκραμένης,
1268 2296 1333 2364 ubi
1364 2297 1502 2364 dictum

322 2412 386 2491 est,
409 2409 513 2494 queri
533 2407 770 2489 Mercurium,
794 2427 832 2474 se
854 2427 928 2473 non
948 2407 1127 2492 recepisse
1150 2407 1227 2473 vini
1247 2406 1439 2474 libationes
1460 2441 1501 2454 -

325 2519 456 2606 quibus
483 2517 610 2585 eodem
634 2517 745 2584 modo
779 2518 953 2585 carebant
982 2517 1041 2584 dei
1067 2537 1193 2584 omnes
1217 2554 1255 2564 -
1285 2520 1392 2604 atque
1420 2537 1502 2585 cum

323 2631 532 2714 gratissima
554 2629 624 2695 sibi
645 2629 692 2695 sit
712 2628 838 2696 libatio
860 2621 934 2691 ἴσον
959 2621 1022 2712 ἴσῳ
1043 2624 1235 2712 κεκραμένη,
1260 2648 1352 2716 quae
1374 2628 1502 2696 ultima

323 2741 617 2823 ethmdebaturl),
640 2739 735 2807 hanc
758 2741 877 2826 ipsam
891 2742 998 2806 vocat
1019 2740 1149 2824 lugens
1164 2739 1377 2834 Mercurius.

409 2848 503 2931 Quid
514 2851 635 2918 dicam
649 2850 694 2917 de
702 2850 938 2918 libationibus
946 2849 1081 2917 Vestae
1091 2851 1243 2919 oblatis?
1259 2849 1400 2932 Omnia,
1411 2871 1501 2938 quae

323 2963 502 3050 pertinent
510 2962 559 3028 ad
567 2961 663 3028 hanc
673 2962 930 3047 quaestionem,
946 2962 1021 3028 iam
1036 2961 1155 3028 attulit
1170 2961 1332 3029 Preuner
1348 2961 1502 3044 (Hestia-

325 3073 438 3140 Vesta
459 3093 492 3159 p.
520 3079 534 3137 1
559 3092 635 3158 sqq.
660 3076 695 3138 et
715 3072 814 3138 idem
836 3072 934 3157 apud
956 3071 1195 3139 Roseherum:
1223 3072 1374 3159 Mythol.
1397 3071 1503 3140 Lexi-

326 3205 395 3251 con
409 3204 443 3271 p.
454 3188 537 3251 2615
548 3183 647 3270 sqq).
670 3182 805 3249 Tamen
814 3182 884 3250 hoc
899 3183 979 3250 loco
996 3183 1153 3251 breviter
1168 3204 1395 3270 componam,
1412 3205 1504 3272 quae

325 3295 493 3363 omnibus
508 3295 616 3362 rebus
632 3294 879 3375 consideratis
895 3294 1086 3361 statuenda
1100 3297 1193 3362 sunt.
1224 3295 1363 3363 Auctor
1377 3295 1506 3382 hymni

324 3406 511 3474 Homerici
536 3406 575 3471 in
601 3404 782 3486 Vestam⁴l
810 3403 896 3471 huic
924 3404 1012 3471 deae
1038 3405 1192 3473 libatum
1224 3425 1301 3474 esse
1327 3407 1367 3473 in
1389 3407 1505 3493 epulis

325 3529 527 3536 .---—-—--..

413 3577 431 3642 ¹)
450 3575 488 3631 Cf.
507 3576 622 3644 Kriiger:
640 3575 725 3628 Jahns
743 3574 834 3627 Jahrb.
854 3574 871 3627 f.
891 3574 986 3627 Philol.
1006 3574 1080 3629 1863.
1099 3592 1125 3645 p.
1144 3575 1195 3630 293
1212 3593 1268 3646 sqq.
1287 3580 1315 3630 et
1332 3576 1361 3629 E.
1381 3575 1504 3632 Curtius:

327 3661 406 3716 Arch.
423 3663 482 3730 Ztg.
503 3661 569 3715 1875
586 3678 612 3730 p.
630 3661 648 3714 4
666 3677 722 3730 sqq.
1369 3683 1372 3690 ¹

413 3748 434 3814 ²)
452 3747 564 3802 Hermes
581 3747 666 3800 XVII.
686 3765 710 3815 p.
729 3747 779 3800 329
798 3763 855 3815 sqq.

412 3833 433 3898 ³)
452 3833 491 3888 cf.
510 3832 628 3900 Stengel:
649 3830 817 3886 Griechisohe
835 3831 1020 3886 Sakralaltert.
1039 3848 1064 3901 p.
1084 3833 1117 3885 72
1135 3849 1192 3902 sqq.

412 3917 602 3985 411111111.
622 3919 644 3970 1.
664 3934 734 3986 sqq:

596 3998 689 4072 Ἱστίη,
708 3999 725 4070 ἢ
742 3997 861 4055 πάντων
879 3999 911 4056 ἐν
930 3999 1060 4068 δώμασιν
1079 3995 1235 4072 ὑψηλοῖσιν

599 4082 759 4142 οἷδανοῖτων
777 4105 809 4142 τε
827 4089 915 4151 θεῶν,
932 4087 1024 4156 χαμαὶ
1043 4083 1208 4156 ἐρχομένων
1228 4080 1425 4156 τὀἷνδρώιιιον

606 4167 690 4243 ἕδρην
709 4164 806 4226 οἷ’ίδιον
824 4166 925 4241 ἔλαχες
942 4169 1103 4243 αρεσβηΐδα
1122 4168 1208 4243 τιμήν
1226 4211 1334 4224 .....

600 4252 694 4314 καλὸν
712 4251 820 4328 ἔχουσα
839 4253 925 4327 γέρας
943 4258 993 4312 καὶ
1010 4253 1154 4328 τιμήνοί
1173 4255 1229 4330 γὰρ
1247 4247 1319 4328 ἄτερ
1337 4263 1392 4312 σοι’)

603 4341 752 4398 εἰλαπίναι
770 4347 930 4414 θνητοῖσιν,
948 4338 985 4397 ‘lv'
1005 4338 1039 4398 οὐ
1058 4340 1158 4415 πρώτῃ
1176 4339 1293 4414 πυμάτῃ
1310 4363 1343 4400 τε

601 4424 687 4498 Ἱστίη
705 4424 870 4499 ἀρχόμενος
889 4425 1002 4483 σπένδει
1021 4425 1158 4498 μελιηδέα
1177 4423 1261 4483 οἶνον
1278 4469 1284 4480 .
1304 4470 1310 4480 .
1331 4470 1336 4480 .
