3316 5200
646 512 917 600 -οο-Ι

160 698 253 764 actio
281 715 408 782 pressa
436 715 510 762 non
537 698 598 762 est.
645 693 746 775 Quae
776 715 834 762 res
866 696 907 762 ut
937 694 1149 781 explicetur,
1181 694 1341 780 primum

160 826 267 892 agam
299 806 344 874 de
375 825 445 873 usu
471 805 713 873 ministrandi.
759 804 808 872 Ut
833 807 872 872 in
900 804 1090 872 hominum
1113 804 1229 890 epulis
1252 805 1342 871 certi

161 917 407 985 adolescentes
431 917 488 984 vel
510 910 644 1002 κήρυκες
669 915 739 984 hoc
762 937 913 983 munere
934 915 1195 1000 fungebantur,
1226 915 1277 982 ita
1302 915 1341 981 in

162 1028 312 1096 deorum
343 1046 516 1095 consessu
546 1027 637 1095 tales
670 1028 747 1094 vini
777 1027 935 1094 ministri
965 1027 1208 1093 inveniuntur.
1261 1025 1342 1092 Iam

160 1157 280 1224 supra,
302 1139 342 1206 in
357 1136 482 1206 Sosiae
498 1137 658 1220 vasculo
673 1137 865 1204 Iuventam
881 1137 1050 1219 vidimus⁷
1074 1156 1164 1218 quae
1187 1136 1264 1203 deis
1287 1136 1341 1202 in·

160 1248 279 1316 fimdit
306 1249 447 1330 vinum3
479 1251 514 1315 et
535 1246 687 1315 Homeri
710 1267 836 1316 versus
858 1246 928 1315 hoc
957 1247 1183 1315 confirmant.
1228 1245 1341 1314 Plane

161 1359 355 1446 respondet
384 1358 574 1448 hominum
605 1359 871 1439 consuetudini,
904 1379 988 1427 cum
1011 1357 1236 1426 Mercurium
1265 1358 1343 1423 vini

161 1470 368 1539 ministrum
391 1468 503 1537 fuisse
525 1471 735 1556 reperimus.
781 1468 834 1537 cf.
859 1468 1028 1556 Sapphus
1050 1468 1295 1554 fragmentum
1303 1471 1340 1550 ¹):

365 1613 407 1698 κῆ
429 1602 459 1676 δ’
486 1601 669 1696 ἀμβροσίας
689 1609 749 1693 μὲν
770 1607 892 1698 κρατὴρ
915 1609 1079 1695 ἐκέκρατο,

364 1713 482 1806 Ἑρμᾶς
504 1711 537 1787 d'
563 1719 631 1787 ἕλεν
653 1715 752 1787 ὄλπιν
774 1725 868 1799 θεοῖς
891 1718 1088 1808 οἰνοχοῆσαι.

245 1869 314 1938 His
342 1871 508 1937 versibus
535 1869 660 1955 Bergk
687 1872 722 1937 et
744 1870 889 1937 Ahrens
923 1869 1023 1937 aliud
1046 1867 1214 1955 Sapphus
1244 1868 1341 1953 frag-

162 1984 323 2047 mentum
347 1981 560 2065 adiungunt,
584 1980 679 2061 quod
703 1984 820 2048 exstat
842 1980 940 2067 apud
962 1979 1238 2060 Athenaeumh:

366 2126 457 2209 κῆνοι
481 2113 512 2188 d'
538 2115 603 2209 ἄρα
626 2115 747 2200 πάντες
768 2117 949 2209 καρχήσκοὶ
971 2112 1018 2192 τ’)
1041 2109 1116 2208 ἦχον

365 2228 525 2318 κᾶλειβον,
550 2223 710 2316 ἆροὶσοννο
733 2232 769 2299 δὲ
790 2230 939 2315 πάμπαν
960 2229 1039 2298 ἐσλοὶ

365 2347 412 2430 τοῦ
434 2340 579 2430 κάμνον·

246 2492 396 2561 Praeter
416 2492 499 2559 illos
520 2491 590 2558 Iris
611 2493 808 2574 invenitur,
832 2511 932 2575 quae,
955 2495 996 2557 ut
1017 2492 1209 2574 ministret,
1233 2492 1342 2558 inter-

161 2608 216 2672 est
237 2605 276 2671 in
298 2604 465 2672 convivio
490 2602 654 2683 deorum3
687 2623 777 2684 quae
806 2603 887 2680 dea,
915 2623 1005 2670 num
1032 2601 1169 2670 sithoc
1195 2603 1342 2669 nomine

161 2714 451 2802 interpretanda,
482 2712 607 2779 multis
629 2713 719 2781 locis
752 2713 913 2780 dubitari
942 2715 1073 2800 potest;
1105 2714 1342 2800 nequeenim

162 2826 371 2914 plerumque
382 2827 436 2891 est
446 2823 732 2906 diiudicandum,
748 2827 872 2890 utrum
886 2824 976 2890 Irim
992 2823 1173 2909 depictam
1188 2824 1343 2891 voluerit

161 2937 277 3024 pictor
293 2956 340 3001 an
356 2933 567 3002 Victoriam.
596 2932 690 3001 Cum
705 2936 802 3002 enim
817 2935 957 3016 utrique
973 2935 1062 3002 deae
1078 2935 1158 3002 alae
1174 2938 1209 3002 et
1231 2934 1341 3002 cadu-

162 3046 281 3128 ceusi)
305 3046 558 3127 attribuantur,
582 3044 626 3112 de
642 3045 686 3111 iis
702 3045 811 3111 modo
834 3046 1077 3112 monumentis
1100 3046 1189 3113 certi
1205 3045 1342 3126 aliquid

161 3157 271 3225 statui
297 3159 428 3243 potest,
456 3157 492 3222 in
520 3156 650 3235 quibus
678 3159 741 3222 aut
763 3155 857 3222 tituli
881 3159 966 3222 sunt
992 3156 1166 3242 adscripti
1188 3159 1251 3222 aut
1274 3155 1343 3224 dea

161 3269 305 3352 taeniis,
338 3266 418 3333 aliis
446 3266 560 3350 signis
583 3264 747 3333 Victoria
774 3266 980 3351 significata
1001 3271 1063 3333 est.
1107 3267 1225 3347 Atque
1249 3268 1341 3333 veri-

160 3378 278 3446 simile
300 3381 397 3464 puto,
419 3376 522 3443 illam
545 3377 652 3443 deam
667 3376 812 3460 alatam,
836 3397 926 3459 quae
948 3378 987 3445 in
1002 3377 1154 3445 deorum
1173 3378 1341 3445 convivio

161 3489 230 3557 hoc
245 3508 395 3556 munere
404 3487 577 3573 fungitur,
593 3487 692 3570 Irim,
709 3508 799 3568 quae
808 3487 996 3555 Minervae
1008 3488 1112 3556 adest
1120 3489 1341 3570 ministrans,

161 3599 364 3668 Victoriam
379 3597 587 3665 habendam
603 3601 724 3680 esse.⁴)
762 3598 835 3668 Sed
857 3598 927 3666 hac
949 3600 987 3666 in
1010 3599 1217 3680 quaestione
1239 3593 1342 3679 quid-

162 3731 270 3792 quam
292 3729 358 3797 pro
374 3711 472 3777 certo
488 3711 644 3776 statuere
658 3709 781 3776 nolim.
800 3745 838 3754 -
855 3709 936 3776 Iam
950 3729 1036 3776 vero
1058 3708 1121 3776 alii
1136 3709 1235 3795 apud
1251 3709 1341 3776 alios

161 3822 249 3890 deos
277 3822 420 3888 exstant
440 3819 518 3886 vini
544 3819 713 3902 ministri3
745 3823 785 3886 ut
808 3817 1054 3906 Ganymedes,
1082 3820 1143 3900 qui
1168 3820 1248 3887 Iovi
1275 3820 1342 3886 soli

162 3933 199 3999 in
221 3931 380 3999 bibendo
404 3930 515 3998 adest.
562 3929 614 3997 Of.
639 3930 815 4017 phialam,
843 3951 952 4012 quam
974 3932 1215 4017 depinxerunt
1238 3929 1341 3998 Oltus

250 4169 268 4236 ¹)
287 4186 328 4240 ap.
346 4169 449 4236 Bergk:
469 4173 537 4238 poet.
555 4169 603 4236 lyr.
623 4186 662 4237 gr.
681 4172 789 4237 fragm*
810 4168 860 4220 lll.
878 4186 903 4238 p.
924 4169 981 4222 106.
1000 4186 1025 4222 n.
1044 4170 1085 4222 51.

250 4273 272 4336 ²)
290 4271 336 4325 XI.
355 4271 406 4326 475
424 4271 456 4325 A.

248 4374 267 4437 ³)
286 4373 324 4429 Cf.
345 4373 477 4429 Gerhard:
497 4375 629 4428 Auserles.
652 4373 766 4428 Vaeenb.
787 4373 821 4426 ΙΙ.
840 4375 879 4428 tb.
899 4374 956 4428 150.

248 4477 269 4544 ⁴)
289 4472 327 4529 Cf.
347 4493 377 4530 ea
395 4477 510 4536 vascula,
529 4493 596 4546 quae
614 4477 755 4531 delineavit
772 4476 804 4530 de
822 4477 919 4531 Witte:
937 4476 1007 4530 Elite
1028 4476 1047 4528 l.
1067 4478 1106 4531 72.
1127 4478 1187 4530 76³.

1172 4562 1188 4614 5
