3316 5200
749 521 962 584 ..40-

263 703 370 770 multi
384 706 569 771 testantur.
611 702 774 784 Quorum
790 723 955 770 summus
971 707 1024 771 est
1043 705 1143 771 testis
1158 704 1411 792 Xenophanes,
1435 706 1447 784 )

264 815 367 881 ouius
377 815 543 882 versibus
554 815 750 901 praeclaris
764 815 946 882 uberrime
956 815 1185 881 illustrantur
1194 816 1445 898 caerimoniae,

264 944 358 1010 quae
379 923 473 990 flunt
494 925 542 991 ad
566 925 774 992 convivium
795 924 1058 992 incohandum:

395 1056 464 1116 Νῦν
486 1046 546 1136 γὰρ
568 1051 608 1138 δή
629 1045 773 1130 ζάπεδον
793 1046 945 1134 καθαρὸν
966 1049 1024 1115 καὶ
1045 1054 1147 1138 χεῖρες
1170 1041 1330 1116 ἀπάντων

439 1159 497 1225 καὶ
518 1155 659 1237 κύλικες·
683 1161 842 1239 πλεκτοὺς
863 1150 1079 1249 δ’ἀμφιτιθεῖ
1102 1160 1286 1249 στεφάνους,

392 1263 489 1350 ἀλλος
511 1261 659 1350 δἐὐῶδες
680 1271 786 1356 μύρον
808 1270 842 1336 έν
865 1271 968 1360 φιάλη
992 1267 1161 1356 πορσύνει·

438 1384 559 1470 κρατήρ
582 1372 747 1469 δ’έστηκεν
767 1379 884 1466 μεστδς
906 1379 1115 1471 ἐϋφροσύνης·

329 1526 347 1588 5
392 1509 492 1596 ἀλλος
514 1508 545 1585 δ’
571 1511 657 1597 οἶνος
679 1515 816 1602 ἑτοῖμος,
841 1510 877 1598 ὃς
899 1511 1020 1586 ούπστε
1041 1519 1124 1609 φησὶ
1146 1519 1337 1607 προδώσειν,

436 1625 579 1712 μείλιχος
601 1628 635 1694 έν
655 1627 824 1726 κεράμοις)
849 1621 973 1709 ἀνθεος
995 1622 1180 1716 ἀσδόμενσς·

391 1737 425 1804 έν
447 1738 482 1804 δέ
503 1737 618 1822 μέσοις
640 1731 740 1828 ἀγνήν
763 1731 865 1828 ὀδμήν
886 1738 1066 1825 λιβανωτὸς
1087 1743 1189 1829 ἵησιν,

418 1846 546 1936 ψυχρδν
570 1841 694 1918 δ’έστιν
717 1843 801 1935 ύδωρ
823 1852 881 1917 καὶ
903 1849 1000 1939 γλυκύ
1022 1852 1081 1919 καὶ
1103 1848 1268 1939 καθαρόν·

393 1955 592 2049 πάρκεινται
615 1953 744 2046 δ’ύρτοι
767 1963 892 2042 ξανθαὶ
914 1959 1030 2052 γεραρή
1051 1989 1086 2031 τε
1107 1962 1254 2052 τράπεζα

438 2084 535 2159 τυροῦ
556 2072 612 2137 καί
634 2071 767 2156 μέλιτος
787 2071 908 2152 πίονας
931 2065 1114 2163 ἀχθομένη·

310 2216 349 2278 10
392 2205 502 2294 βωμὸς
524 2200 555 2275 δ’
581 2201 720 2276 ἀνθεσιν
744 2200 784 2275 ἀν
805 2206 842 2277 τὸ
864 2209 965 2293 μέσον
986 2207 1100 2299 πάντη
1123 2211 1343 2294 πεπύκασται,

438 2316 552 2407 μολπή
575 2310 718 2408 δ’ἀμφίς
739 2317 802 2403 ἔχει
827 2316 962 2405 διύματα
985 2322 1041 2388 καὶ
1063 2319 1180 2410 θαλίη.
1303 2402 1305 2410 y

390 2444 449 2518 χρη
471 2429 507 2496 δὲ
529 2430 739 2517 πρῶτονμὲν
761 2428 842 2498 θεδν
863 2435 976 2516 ὑμνεῖν
998 2425 1157 2521 εύφρονας
1181 2425 1301 2520 ἀνδρας

439 2532 596 2630 εύφήμοις
617 2535 740 2624 μύθοις
760 2542 818 2608 καὶ
840 2547 1025 2631 καθαροῖσι
1048 2539 1164 2628 λύγοις.

310 2685 348 2747 15
377 2662 587 2754 σπείσαντες
609 2677 646 2743 δέ
667 2677 725 2743 καὶ
746 2668 938 2762 εὐξαμένους
959 2675 1001 2745 τὰ
1023 2677 1139 2746 δίκαια
1162 2674 1331 2747 δύνασθαι

440 2788 662 2876 πρήσσειν-
684 2801 788 2855 ταῦτα
811 2786 872 2877 γὰρ
895 2777 939 2856 οἷν
960 2789 1031 2858 ἐστι
1053 2791 1305 2879 προχειρότερον,

394 2889 450 2982 οἰχ
471 2891 563 2986 δβρις
587 2940 625 2950 -
649 2897 757 2966 πίνειν
779 2891 903 2968 ὁπόσον
924 2926 978 2968 κεν
1000 2899 1079 2984 έχων
1102 2894 1238 2990 ἀφίκοιο

442 3002 550 3077 οἴκαδ’
576 3003 650 3078 ἀνευ
674 3007 856 3097 προπίλου,
877 3009 923 3100 μὴ
945 3009 1037 3078 ποίνο
1059 3013 1226 3102 γηραλέος·
1244 3067 1250 3079 .
1267 3065 1298 3078 ..
1320 3015 1387 3079 κτλ.

352 3149 404 3219 Of.
427 3151 614 3238 Euripidis
642 3151 718 3219 Ion.
747 3171 798 3219 VS.
826 3156 906 3220 1032
930 3171 1012 3240 sqq:
1049 3147 1193 3216 δείπνων
1219 3142 1298 3216 ὅταν
1323 3145 1447 3238 λήγωσι

265 3257 324 3324 καί
346 3255 494 3336 σπονδὰς
515 3263 611 3335 θεοῖς
630 3261 634 3344 Ι
653 3258 796 3342 μέλλιοσι
818 3257 947 3344 λείβειν.

351 3371 516 3439 Breviter
537 3371 836 3458 Aristophanem)
860 3374 982 3440 omnia
995 3373 1140 3460 profero,
1164 3394 1257 3460 quae
1272 3373 1344 3442 huo
1365 3393 1448 3462 per·-

267 3483 397 3550 tinent:

421 3581 507 3676 ύδωρ
528 3586 615 3656 κατὰ
635 3584 754 3677 χειρός·
777 3587 837 3668 τὰς
858 3589 1024 3677 τραπέζας
1045 3588 1221 3679 εἰσφέρειν·

422 3702 617 3784 δειπνῶμεν·
641 3690 893 3784 ἀπονενίμμεθ’,
916 3693 978 3791 ήδη
1002 3701 1191 3786 σπένδομεν.

352 3841 474 3927 Atque
496 3839 703 3928 Xenophon
711 3844 735 3924 Ιν)
765 3839 856 3909 haec
884 3841 984 3910 dicit:
1015 3837 1074 3904 καὶ
1101 3835 1251 3906 σπονδῶν
1275 3842 1340 3904 τῶν
1364 3836 1448 3922 μετὰ

266 3942 304 4014 τδ
332 3949 465 4014 δεῖπνον
491 3939 552 4037 ήδη
581 3947 773 4035 γιγνομένων
808 3945 929 4016 έσεισεν
954 3941 971 4014 δ
998 3945 1085 4028 θεός.
1130 3951 1234 4020 Plato
1262 3951 1450 4021 Socratem

267 4059 486 4148 sodalesque
509 4081 623 4128 coena
645 4061 749 4129 finita
770 4061 903 4129 libasse
925 4061 995 4130 hoo
1017 4063 1125 4129 modo
1148 4065 1319 4144 namat⁴):
1353 4058 1450 4127 Μετὰ

360 4230 379 4298 ¹)
396 4230 428 4284 fr.
449 4231 470 4283 1.
489 4231 588 4299 Bergk.
606 4234 677 4300 poet.
695 4232 760 4300 1er
781 4233 814 4286 11,
833 4251 857 4300 p.
879 4234 935 4285 110.

359 4315 380 4380 ²)
400 4314 481 4385 Vesp.
500 4333 538 4371 vs.
558 4317 623 4370 1217
642 4333 698 4386 sqq.

358 4401 380 4466 ³)
396 4400 523 4455 Hellanic.
542 4401 591 4455 IV.
611 4403 634 4455 7.
653 4403 676 4455 2.

360 4487 381 4549 ⁴)
399 4503 470 4542 conv.
488 4503 514 4556 p.
536 4487 584 4539 176
603 4489 633 4540 A.
