3316 5200
692 479 904 539 ..⁶29-

208 681 278 747 que
300 682 339 728 re
361 660 502 728 firmari
516 664 613 746 puto,
637 660 736 748 qnod
757 660 848 727 haec
864 662 1064 728 exsecratio
1083 661 1235 729 Homeri
1250 664 1285 729 in
1310 685 1391 732 ver-

208 773 309 840 sibus
329 792 402 838 non
418 773 464 838 ab
480 771 757 855 Agamemnone
773 772 995 839 sollemniter
1009 773 1191 858 profertur
1210 774 1273 840 sed
1290 775 1391 859 vulgi

208 885 247 948 in
270 884 401 949 animis
424 883 592 965 volvitur,
615 883 654 949 id
677 883 775 968 quod
796 882 897 950 hisce
919 885 1041 951 verbis
1063 885 1290 970 exprimitur:

404 995 467 1074 ὧδε
490 1007 525 1073 de'
547 1033 598 1086 τις
620 1004 752 1074 εἴπεσκε
771 1000 914 1089 Ἀχαιῶν
935 1033 970 1074 σε
997 1005 1116 1091 Τριόων
1138 1034 1179 1075 ιε.
1396 1101 1399 1107 ¹

292 1139 417 1206 Altero
445 1139 508 1205 illo
530 1139 610 1206 loco
635 1136 818 1224 Odysseae
851 1139 985 1219 (1.350.
1014 1141 1104 1226 sqq.)
1131 1161 1204 1207 non
1233 1162 1390 1210 comme-

205 1254 371 1317 moratur
386 1251 462 1316 vini
478 1249 613 1332 libatio,
630 1270 740 1336 quam
756 1254 889 1318 temere
905 1253 1078 1318 omissam
1093 1271 1171 1318 esse
1187 1253 1261 1318 iani
1276 1252 1388 1320 Bern-

205 1360 314 1427 hardi
336 1379 478 1427 smmno
501 1361 579 1427 iure
601 1361 757 1445 negavit.
772 1363 795 1442 ¹)
833 1361 930 1427 Nam
952 1366 1058 1449 poeta
1072 1362 1141 1429 hoc
1163 1363 1243 1430 loco
1268 1366 1390 1431 omnia

204 1471 320 1537 multo
342 1472 489 1539 bravius
513 1476 648 1553 narrat,
673 1492 782 1558 quam
805 1472 877 1539 illo.
917 1471 996 1552 Quo
1019 1473 1234 1558 factumest,
1256 1480 1388 1542 utnon

204 1583 364 1669 proferat
379 1583 449 1649 nisi
463 1582 675 1650 libationem
691 1585 906 1668 graviorem,
924 1604 1016 1670 quae
1035 1586 1125 1652 iuris
1140 1586 1287 1653 iurandi
1308 1586 1389 1669 diis,

203 1694 318 1777 iuriis
343 1694 465 1760 oblata
484 1697 545 1760 est.
590 1693 689 1760 Inter
712 1694 803 1760 alios
818 1693 970 1762 Home1i
991 1696 1105 1779 locos,
1129 1698 1192 1782 qui
1213 1696 1286 1764 huc
1308 1718 1388 1784 per-

204 1806 329 1888 tinent,
360 1824 456 1870 unus
488 1808 618 1886 exstat,
657 1825 728 1891 quo
762 1805 920 1872 dilucide
946 1806 1135 1892 probatur,
1167 1807 1260 1874 nihil
1287 1809 1388 1875 aliud

206 1916 330 1982 ovium
347 1914 552 1983 adhibitum
568 1934 655 1998 esse,
680 1936 722 1982 ac
746 1918 970 2000 sanguinem.
1009 1917 1051 1983 Il.
1075 1922 1112 1982 Δ.
1138 1937 1188 1983 vs,
1216 1922 1284 1985 158.
1310 1939 1388 2006 sqq.

359 2031 396 2106 οὗ·
417 2040 477 2124 μέν
498 2067 572 2118 πιοςΙ
595 2033 689 2106 ἅλιον
708 2040 798 2106 πέλει
826 2033 933 2125 ὅρκιον
957 2033 1042 2124 αἷμά
1064 2067 1098 2107 ιε
1121 2033 1226 2127 ἆρνιῦν

358 2150 503 2218 σπονδαὶ
525 2142 556 2216 ν’
575 2143 710 2239 ὂῖκρηνοι
733 2151 791 2216 καὶ
814 2150 928 2232 δεξιαί,
950 2139 988 2240 ᾗς
1009 2149 1210 2236 ἐπέπιθμεν.

290 2299 427 2367 Ceteris
450 2300 539 2366 locis
554 2298 707 2366 Homeri
722 2302 935 2383 carminum,
960 2301 1022 2387 qui
1045 2301 1093 2367 ad
1114 2302 1171 2368 ius
1187 2303 1385 2369 iurandum

205 2414 382 2496 spectant,
414 2411 572 2477 breviter
594 2410 778 2478 libationis
800 2411 841 2477 fit
862 2411 1031 2494 mentio‘2)
1064 2415 1171 2499 atque
1193 2416 1299 2499 poeta
1330 2414 1389 2481 bis

205 2521 318 2587 utitur
349 2540 439 2588 voce
462 2509 700 2603 ἀποσπένδειν,
733 2521 844 2588 semel
871 2518 1031 2588 σπένδειν,
1078 2522 1220 2591 Similes
1247 2525 1386 2591 inveni-

203 2636 312 2698 untur
325 2629 581 2718 Aristophanis
597 2631 669 2698 loci
680 2633 716 2713 ³).
751 2630 802 2698 of.
820 2653 964 2719 quoque
979 2633 1182 2700 Diodorum
1198 2633 1262 2700 Ill.
1289 2641 1338 2702 71.
1356 2638 1385 2701 3

201 2742 281 2809 Iam
313 2762 399 2809 vero
430 2741 617 2829 Euripidis
649 2741 765 2828 Iphig.
802 2742 921 2809 Aulid.
954 2763 1005 2810 vs.
1039 2747 1088 2810 60.
1123 2763 1198 2830 sqq.
1238 2745 1385 2811 demon-

203 2856 348 2936 stratur,
371 2854 549 2936 victimae,
574 2873 729 2939 quarum
752 2855 929 2938 sanguine
951 2874 1017 2941 pro
1039 2854 1212 2922 libatione
1235 2858 1387 2922 utuntur

201 2965 313 3050 proci,
337 2964 546 3049 combustas
569 2982 661 3030 esse:

613 3105 670 3170 καὶ
695 3131 743 3170 νιν
765 3102 919 3193 εἰσῆλθεν
940 3101 1019 3172 τάδε

405 3207 520 3301 ὅρκους
542 3211 700 3299 συνάψαι,
724 3211 833 3295 δεξιάς
854 3241 888 3282 τε
910 3219 1090 3301 συμβαλεῖν

406 3329 591 3415 μνησιῆρας
614 3317 803 3414 ἀλλήλοισιν
825 3327 882 3392 καὶ
905 3318 952 3393 δι’
977 3327 1129 3413 ἐμπύρων

407 3433 554 3514 σπονδὰς
576 3442 734 3502 καθεῖναι
757 3429 1031 3524 κάπαράσασθαι
1053 3435 1140 3525 τάδε,

407 3541 482 3613 ὅσον
504 3551 580 3636 γονὴ
603 3548 726 3633 γένοιτο
754 3548 911 3632 Τυνδαρὶς
932 3546 1020 3639 κόρη,

407 3661 509 3746 τούτῳ
532 3662 724 3743 σοναμύνειν
748 3713 981 3728 ........

291 3789 413 3858 Facile
437 3795 491 3857 est
515 3792 672 3876 cognitu,
695 3791 752 3858 his
774 3793 813 3858 in
829 3793 995 3858 versibus
1017 3813 1161 3879 pressas
1177 3813 1254 3860 esse
1279 3814 1387 3861 voces

200 3894 348 3976 σπονδὰς
369 3903 528 3965 καθεῖναι
552 3905 659 3990 atque
685 3922 762 3968 rem
785 3903 963 3970 minorem
984 3904 1141 3970 indicari
1163 3904 1383 3971 sacrificium

200 4012 258 4078 vel
286 4014 405 4098 potius
433 4014 692 4080 caerimoniam
719 4015 803 4097 igne
829 4016 996 4100 paratam
1023 4002 1064 4077 δι’
1094 4008 1253 4096 ἐμπύρων,
1299 4015 1383 4082 Ηιισ

289 4233 488 4304 blepss.
670 4289 672 4292 ,

290 4335 311 4400 ²)
330 4333 378 4390 Od.
398 4355 423 4406 y.
442 4336 500 4389 394.
529 4339 545 4400 ξ
562 4336 620 4390 331.

287 4439 307 4505 ³)
327 4437 366 4493 Cf.
384 4437 464 4508 Vesp.
486 4439 560 4493 1046.
580 4440 603 4492 7.
631 4439 746 4493 Acheru.
767 4440 825 4493 148.
