3316 5200
736 454 928 516 ,8-

241 655 314 702 non
338 636 474 720 dubito,
498 639 586 723 quin
609 638 729 704 oleum
751 638 906 704 effusum
921 636 1013 704 nihil
1037 637 1137 704 aliud
1151 636 1426 722 intelligendum

241 748 296 829 sit,
329 768 372 816 ac
403 750 562 834 primum
591 749 776 816 libationis
806 749 1010 832 vestigium.
1065 747 1172 828 Quod
1202 748 1277 814 iam
1308 748 1426 832 magis

239 864 407 930 firmatur
423 860 602 927 Athenaei
620 860 700 927 loco
725 859 801 942 (IX.
826 860 890 942 66),
914 879 985 946 quo
1009 859 1097 926 dicit
1112 858 1158 926 de
1172 858 1277 927 lance
1300 862 1425 952 satura

240 971 377 1059 (κέρνος)
393 972 516 1040 Cereri
532 971 668 1038 oblata:
693 958 820 1054 ἀγγεῖον
839 969 999 1050 ναραμοῦν
1021 963 1092 1048 ligor
1112 965 1147 1031 έν
1169 957 1259 1053 coepi
1281 963 1424 1045 πολλοὺς

239 1080 451 1159 κοτυλίσκους
477 1079 740 1166 κεκολλημένους,
768 1078 801 1144 έν
823 1069 873 1156 οἷς
894 1075 959 1145 εἰσι
981 1073 1138 1164 μήκωνες,
1168 1077 1288 1159 λευκοὶ,
1312 1076 1423 1165 πυροὶ,

239 1192 372 1278 κριθαὶ,
400 1189 512 1271 πιοοὶ,
544 1186 700 1275 λάθυροι,
729 1177 840 1275 ὦχροι,
864 1188 982 1279 φακοὶ,
1006 1185 1140 1273 κύαμοι,
1168 1189 1267 1270 ζειαὶ,
1291 1185 1422 1276 βρόμος,

238 1299 428 1384 παλάθιον,
451 1302 570 1387 μέλι,
594 1299 766 1382 έλαιον,
791 1293 928 1382 οἶνος,
953 1296 1081 1388 γάλα,
1109 1293 1179 1367 όϊον
1201 1297 1288 1387 ἔριον
1311 1294 1422 1368 ὀῖπλυ-

237 1439 301 1480 ιον.
339 1415 420 1484 Ηου
442 1416 523 1482 loco
546 1415 737 1502 compositi
759 1417 843 1480 sunt
864 1415 919 1482 illi
933 1415 1101 1500 liquores,
1125 1415 1258 1501 quihus
1279 1411 1422 1479 σπονδαὶ

236 1522 425 1608 μελίκρατοι
453 1527 663 1612 saepissime
688 1526 930 1606 continentum
957 1545 1073 1611 neque
1101 1527 1262 1593 obtinere
1286 1525 1421 1610 dubito,

236 1637 359 1706 hocin
376 1639 484 1718 cultu,
502 1638 594 1703 sicut
609 1635 808 1721 Phigaliae‚
824 1636 983 1722 liquores
1004 1636 1136 1702 effusos
1152 1655 1230 1704 esse
1245 1638 1284 1703 in
1298 1636 1422 1722 fruges

238 1748 384 1816 solidas,
591 1747 756 1833 Denique
785 1746 921 1813 addam
943 1745 1080 1813 Laertii
1101 1745 1277 1832 Diogenis
1299 1747 1422 1815 locum

235 1859 347 1940 (VIII.
372 1860 434 1942 13),
458 1878 567 1945 quem
582 1857 653 1925 huc
677 1861 839 1944 spectare
861 1857 1030 1944 equidem
1053 1858 1171 1941 credo,
1195 1878 1421 1944 quamquam

234 1969 426 2037 libationes
449 1972 680 2036 enumeratae
702 1988 777 2034 non
799 1971 895 2034 sunt:
928 1955 1039 2048 ἆμὲλιι
1062 1964 1121 2030 καὶ
1146 1962 1258 2050 βωμὸν
1279 1990 1422 2052 προσκυ-

235 2080 332 2164 νῆσαι
356 2071 576 2163 (Πυθαγόραν
603 2075 717 2163 φασὶν)
740 2071 838 2158 μόνον
865 2073 900 2142 έν
924 2071 1021 2164 Λήλιγ
1048 2073 1104 2142 τόν
1123 2068 1334 2155 ’Λπόλλωνος
1361 2081 1419 2144 τοῦ

236 2187 412 2275 γενέτορος,
440 2179 475 2265 ὅς
497 2184 585 2254 ἐστιν
607 2180 752 2253 όπιοθεν
773 2189 831 2253 τοῦ
853 2185 1045 2272 Κερατίνου,
1073 2184 1131 2253 διὰ
1153 2184 1191 2254 τό
1214 2185 1339 2271 πυροὺς
1360 2186 1419 2254 καὶ

234 2295 358 2384 κριθὰς
372 2297 431 2363 καὶ
445 2293 585 2364 πόπανα
600 2293 686 2381 μόνα
701 2295 866 2363 τίθεσθαι
881 2287 938 2361 ἐπ’
957 2287 1058 2363 αὐτοῦ
1077 2289 1151 2365 (ivae
1166 2293 1278 2384 πυρός,
1304 2295 1418 2384 ἱερεῖον

232 2412 270 2475 δὲ
291 2409 401 2498 μηδέν,
424 2401 469 2487 ὥς
490 2433 573 2496 φησι
594 2399 825 2495 Ἀριστοτέλης
847 2407 881 2473 έν
896 2405 1026 2495 Δηλίων
1047 2405 1213 2496 πολιτείᾳ.
1251 2413 1313 2480 Ad
1333 2434 1418 2481 ean-

234 2525 320 2590 dem
341 2524 523 2609 Apollinis
545 2523 642 2590 Delii
673 2523 886 2607 religionem
908 2522 1103 2590 lamblichi
1134 2524 1206 2590 duo
1233 2524 1305 2591 loci
1327 2525 1418 2593 refe-

231 2635 337 2702 rendi
368 2637 452 2700 sunt
484 2634 541 2714 (de
573 2635 648 2700 vita
679 2632 832 2719 Pythag.
855 2653 888 2719 p.
914 2633 970 2715 25)
983 2632 1023 2717 ¹),
1056 2635 1119 2719 qui
1150 2636 1272 2703 verbis
1303 2637 1416 2702 utitur

230 2744 344 2812 hisce:
372 2738 427 2808 τόν
450 2733 654 2825 ἀναίμακτον
675 2736 842 2827 λεγόμενον
863 2737 920 2807 τὸν
941 2750 999 2807 τοῦ
1025 2741 1187 2828 γενέτορος
1207 2733 1419 2821 Ἀπόλλωνος

228 2849 343 2937 βωμόν
373 2859 409 2923 et
440 2855 485 2943 (p.
514 2857 568 2937 35)
602 2849 659 2918 τὸν
690 2848 800 2935 βωμὸν
829 2847 885 2919 τόν
917 2854 975 2918 τοῦ
1011 2852 1173 2940 γενέτορος
1207 2844 1419 2932 Ἀπόλλωνος

230 2959 499 3050 προσευξόμενος,
523 2955 558 3041 ὃς
579 2959 677 3047 μόνος
699 2953 901 3046 ἀναίμακτός
923 2961 1020 3032 ἐστιν.

316 3077 397 3145 Iam
428 3098 513 3144 vero
544 3078 745 3144 multorum
779 3076 930 3143 deorum
961 3097 1080 3160 sacra,
1114 3098 1207 3164 quae
1237 3083 1417 3147 vocantur

229 3177 354 3271 ἄπυρα,
383 3209 428 3255 ex
450 3189 619 3275 primitiis
639 3188 787 3271 frugum
803 3207 888 3254 cum
910 3188 1083 3256 libatione
1106 3190 1307 3257 coniunctis
1331 3210 1416 3258 con-

230 3299 364 3366 stitisse
384 3319 500 3386 neque
517 3298 561 3364 de
577 3297 707 3365 Cerere
723 3297 802 3364 sola
818 3299 1054 3383 cogitandum
1073 3318 1161 3383 esse,
1185 3303 1280 3368 recte
1303 3302 1417 3368 sensit

231 3408 491 3492 Schemann‚²)
524 3429 607 3476 curn
639 3409 744 3492 dicit,
775 3408 923 3494 frugum
954 3411 1133 3497 primitias
1165 3411 1305 3478 oblatas
1337 3431 1416 3479 esse

230 3519 365 3603 Cereri,
388 3520 544 3610 Baccho,
568 3519 729 3602 Herculi,
754 3521 905 3587 deorum
926 3522 1044 3603 matri,
1068 3521 1240 3607 Apollini,
1263 3522 1414 3605 Dianae,

231 3629 430 3699 Minervae.
457 3667 489 3677 -
516 3631 682 3717 Denique
705 3631 888 3718 proferam
911 3631 1087 3698 nonnulla
1106 3635 1295 3718 poetarum
1316 3633 1414 3719 frag-

230 3745 368 3823 mentay
401 3763 493 3829 quae
526 3743 573 3810 ad
600 3742 670 3810 hoc
692 3742 863 3810 sacrificii
889 3761 1004 3827 genus
1031 3746 1204 3830 spectant.
1249 3744 1415 3812 Primum

230 3853 403 3939 inspicias
421 3852 611 3940 Sophoclis
633 3853 797 3936 locum‚³l
821 3854 885 3939 qul
906 3854 1040 3920 summi
1061 3855 1235 3922 momenti
1258 3875 1336 3922 esse
1360 3857 1413 3923 vi·

320 4135 339 4201 ¹)
358 4134 397 4189 Cf.
417 4133 476 4188 Vel.
495 4135 577 4189 Rose:
595 4134 705 4188 Aristot.
724 4136 818 4203 fragm.
837 4136 917 4206 (Lips.
939 4136 1017 4200 1886)
1034 4136 1065 4188 fr.
1083 4135 1141 4190 489.
1161 4153 1186 4205 p.
1204 4136 1267 4190 311.

318 4239 339 4303 ²)
362 4237 380 4291 1.
404 4256 426 4291 c.
450 4236 483 4291 Il.
507 4256 532 4309 p.
556 4239 614 4293 217.
652 4238 691 4294 Gi.
719 4235 840 4307 Stengel:
867 4239 916 4293 Die
945 4239 1126 4308 griechischen
1153 4239 1411 4294 Sakralaltcrtiimer.

231 4320 366 4378 Miinchen
386 4324 460 4379 1890.
479 4342 504 4394 p.
524 4326 565 4380 70.
584 4325 624 4378 71.

318 4426 340 4492 ³)
358 4444 399 4496 ap.
418 4427 524 4482 Nauck:
544 4428 637 4496 fragm.
657 4430 724 4494 trag.
744 4428 841 4494 graec.²
860 4427 890 4479 fr.
909 4427 967 4481 366.
987 4445 1012 4498 p.
1031 4427 1094 4500 218,Ι
