3316 5200
771 491 981 555 ..68-

284 675 380 743 Ante
404 674 463 744 dei
486 675 724 742 simulacrum
746 694 812 740 ara
835 679 993 762 apparet,
1017 677 1056 742 in
1071 695 1142 756 qua
1157 674 1328 742 flammae
1343 675 1476 742 incen-

285 805 347 854 sae
370 790 462 853 sunt.
508 786 587 853 Iam
611 805 697 853 vero
726 784 798 852 hue
819 787 999 873 pertinere
1021 789 1123 873 puto,
1156 785 1252 866 quod
1283 785 1477 871 depictum

285 897 451 964 videmus
473 897 509 963 in
534 897 605 964 alio
629 896 792 980 vasculo,
820 897 885 965 ubi
906 897 1128 966 sacrificium
1149 897 1377 977 invenitur21)
1424 895 1475 963 In

286 1028 328 1074 eo
352 1010 414 1091 est,
439 1010 479 1073 11
500 1007 671 1074 sacerdos
693 1006 905 1074 libationem
928 1007 1090 1075 effundat
1111 1009 1149 1073 in
1169 1026 1285 1087 aram3
1310 1005 1477 1073 duorum

284 1120 533 1186 ministrorum
557 1117 648 1184 alter
668 1117 767 1184 tibiis
790 1119 896 1200 canit,
920 1117 1012 1185 alter
1033 1117 1176 1186 lancem
1191 1120 1354 1184 saturam
1373 1115 1477 1183 tollit

282 1229 519 1310 hirneamque
541 1248 760 1314 propensam
782 1231 887 1296 tenet.
926 1230 961 1295 Α
977 1229 1106 1296 dextra
1128 1231 1230 1315 parte
1253 1227 1473 1295 adolescens

285 1342 365 1422 stat,
388 1339 462 1406 fere
485 1342 559 1405 toto
581 1341 726 1424 pectore
748 1339 896 1422 nudato,
921 1339 1031 1426 pallio
1053 1338 1213 1420 indutus,
1237 1339 1298 1419 qui
1320 1339 1475 1405 sinistra

284 1470 397 1518 manu
422 1449 539 1516 laurei
571 1469 715 1516 ramum
745 1452 842 1516 tenet
874 1469 916 1517 ac
949 1449 1079 1517 dextra
1108 1453 1273 1536 pateram
1302 1449 1470 1534 porrigit.

286 1557 387 1641 Quae
409 1559 530 1646 figura
551 1561 629 1626 sine
653 1559 763 1627 dubio
786 1559 967 1646 Apollinis
991 1560 1229 1628 simulacrum
1254 1557 1472 1627 habendum

286 1675 349 1754 est,
373 1671 433 1738 cui
452 1670 495 1736 fit
516 1669 737 1738 sacrificium
759 1690 874 1752 neque
896 1670 1131 1756 cogitandum
1150 1674 1214 1746 est,
1236 1670 1291 1738 1111
1304 1669 1471 1736 infusum

286 1801 364 1848 esse
387 1781 522 1863 vinum,
546 1781 717 1860 quoniam
738 1781 902 1848 minister
924 1780 1016 1848 111111
1037 1781 1184 1868 respicit
1205 1781 1277 1848 nisi
1291 1781 1471 1849 caerimo-

285 1893 385 1959 niam
407 1890 626 1975 religiosam,
651 1889 823 1958 sacerdos
846 1894 968 1958 autem
989 1890 1201 1959 libationem
1221 1892 1470 1959 necessariam

285 2005 324 2070 in
336 2022 440 2071 aram
454 2001 641 2088 profundit
655 2021 769 2082 neque
784 2005 846 2085 est,
864 2022 929 2070 cur
945 2002 1038 2069 alius
1053 2002 1149 2070 libet.
1168 2038 1207 2047 -
1223 2001 1315 2068 Tum
1330 2002 1471 2070 addam

285 2113 521 2194 vasculum,²)
553 2112 617 2179 ubi
648 2111 717 2180 dea
740 2112 838 2179 61616
862 2116 960 2180 16616
983 2113 1120 2182 Dorica
1145 2113 1275 2181 induta
1295 2115 1334 2180 11
1355 2112 1469 2199 podio

286 2224 400 2307 sedet,
433 2225 472 2291 in
500 2243 569 2304 quo
596 2242 747 2289 manum
774 2225 961 2291 sinistram
982 2225 1148 2310 imponit,
1181 2224 1311 2292 dextra
1340 2226 1469 2292 tenens

285 2337 460 2423 pateram.
506 2332 573 2401 Oui
601 2333 690 2401 11666
718 2334 982 2420 appropinquat
1005 2334 1217 2403 adolescens
1238 2334 1374 2417 1111116,
1406 2335 1471 2415 qui

286 2446 434 2513 sinistra
449 2448 593 2512 scutum
613 2443 725 2511 habet
739 2443 889 2512 brachio
912 2447 1033 2512 taenia
1053 2446 1184 2528 cinctu,
1208 2446 1337 2513 dextra
1349 2445 1470 2513 laurei

285 2576 431 2624 ramum
452 2557 559 2623 tenet.
602 2554 675 2622 Pro
698 2558 795 2622 certo
818 2555 1029 2623 habendum
1051 2558 1117 2639 est,
1145 2556 1251 2623 illum
1277 2576 1315 2624 66
1342 2559 1469 2624 contu-

285 2665 371 2734 11666
398 2667 435 2733 in
464 2665 552 2733 deae
574 2665 750 2752 templum
773 2666 901 2733 taeniis
929 2671 1111 2750 ornatum,
1142 2671 1183 2733 11
1212 2668 1349 2752 gratias
1382 2670 1470 2752 agat

286 2778 440 2845 victoria
453 2779 567 2862 parta.
585 2813 625 2824 -
640 2774 721 2843 Hoc
736 2776 818 2843 loeo
833 2777 1035 2844 recorderis
1050 2777 1153 2844 1116111
1168 2781 1342 2864 pateram,
1359 2797 1470 2858 quam

287 2907 310 2955 6
337 2886 580 2955 Phoenicibus
610 2885 745 2954 factam
776 2905 887 2973 supra
920 2887 1041 2971 attuli,
1072 2889 1112 2956 in
1142 2908 1213 2969 qua
1240 2888 1328 2956 deae
1355 2889 1468 2955 simu-

285 2997 438 3081 lacrum,
462 3000 544 3064 ante
560 2996 656 3077 quod
679 2997 850 3065 sacerdos
865 3001 1041 3078 16166111,
1064 3001 1227 3084 pateram
1246 2999 1408 3085 porrigit.
1429 3035 1467 3044 -

286 3108 367 3176 Iam
392 3107 522 3175 melius
549 3107 678 3175 eadem
698 3126 757 3175 res
784 3110 1016 3192 cognoscitur
1038 3109 1076 3176 in
1098 3109 1161 3176 illo
1186 3109 1352 3195 sepulcro
1376 3109 1469 3176 anti-

288 3219 478 3301 quissime,
510 3217 607 3299 quod
627 3217 767 3284 Xanthi
798 3222 981 3305 repertum
1012 3222 1075 3286 est.
1084 3220 1111 3302 ³)
1155 3220 1226 3287 Illa
1257 3221 1343 3303 dea,
1376 3239 1468 3301 quae

286 3331 435 3397 sinistra
464 3331 628 3416 pateram
651 3331 777 3396 tenens
803 3329 843 3395 in
870 3329 960 3398 solio
983 3329 1097 3414 sedet,
1129 3330 1202 3399 huc
1225 3332 1357 3418 optime
1380 3351 1467 3412 qua-

288 3442 395 3510 drare
417 3440 575 3522 videtum
599 3439 643 3508 de
667 3459 737 3520 qua
754 3439 796 3507 Ε.
814 3439 960 3509 Curtius
968 3442 992 3523 ⁴)
1016 3442 1118 3511 dicit:
1141 3444 1282 3508 dicetne
1303 3445 1468 3526 crnpfiinpt

286 3574 351 3618 aar
376 3549 486 3633 Opfcr,
508 3553 566 3616 wie
587 3552 638 3616 die
659 3557 748 3617 storr
770 3552 985 3635 binpebaltenc
1008 3552 1121 3619 Schola
1142 3555 1291 3620 aodeatet
1315 3607 1321 3620 .
1347 3607 1353 3621 .
1378 3605 1383 3617 .

372 3661 441 3730 His
465 3662 726 3745 monumentis,
761 3661 805 3728 de
832 3663 962 3743 quibus
989 3664 1146 3732 breviter
1178 3665 1346 3748 disserui,
1379 3666 1467 3732 satis

287 3773 531 3841 demonstrari
551 3775 648 3859 puto,
672 3773 841 3839 omnibus
862 3774 1086 3861 temporibus
1102 3775 1254 3842 deorum
1269 3776 1468 3844 simulacra

286 3885 385 3971 picta
400 3901 488 3966 esse,
512 3903 602 3965 quae
617 3883 787 3950 manibus
801 3885 946 3969 pateras
961 3887 1152 3971 porrigunt
1165 3885 1307 3955 libandi
1325 3888 1467 3955 actione

286 4014 361 4064 non
375 4012 510 4081 pressa.
549 3992 655 4074 Quod
670 3996 710 4060 11
731 3995 953 4080 interpreter,
977 4015 1021 4063 ea
1034 3998 1218 4083 respicias,
1241 4017 1332 4079 quae
1355 4018 1467 4085 supra

372 4199 393 4266 ι)
412 4196 593 4253 1111161111).
612 4196 679 4252 CVI.

373 4285 395 4350 ²)
414 4282 563 4353 Millingon:
581 4284 716 4353 peintures
735 4283 837 4338 116166.
857 4301 926 4353 grec.
945 4287 983 4339 tb.
1001 4287 1044 4339 47.

373 4369 396 4432 ³)
413 4367 548 4422 Archaeol.
567 4369 625 4437 Ztg.
645 4366 719 4421 Xlll.
738 4367 827 4435 (1855)
846 4369 884 4423 tb.
904 4371 926 4423 l.

374 4455 394 4512 ⁴]
413 4453 512 4508 ibidem
529 4471 554 4524 p.
574 4453 598 4505 4.
