3316 5200
644 493 857 558 ..gp-

154 695 248 742 usos
268 675 491 744 intellexisse
511 696 573 744 eas
598 677 802 759 libationes,
830 697 923 762 quae
947 677 1083 762 iugulis
1106 677 1230 744 scissis
1251 677 1341 746 inle-

156 788 210 853 ris
235 786 311 858 deis
335 785 586 870 offerebantur,
610 787 827 857 contendere
848 806 922 858 non
946 787 1080 854 dubito.
1091 787 1115 870 ¹)

244 896 330 964 Non
351 897 493 964 minimi
513 899 687 965 momenti
709 900 772 980 est,
794 897 920 984 paucis
943 898 1065 965 verbis
1087 899 1339 984 perstringere,

157 1029 253 1095 quae
276 1008 469 1075 statuenda
491 1011 575 1075 sunt
589 1009 634 1076 de
650 1029 799 1076 munere
814 1008 1054 1091 sacerdotum,
1078 1010 1141 1096 qui
1162 997 1340 1078 uocantur

158 1110 395 1204 σπονδοφόροι.
425 1117 505 1185 Etsi
521 1119 689 1186 omnibus
704 1118 803 1201 locis,
827 1095 951 1188 ubi'de
965 1118 1038 1190 illis
1054 1117 1224 1185 audimus
1240 1139 1339 1187 seue

157 1229 273 1296 titulis
288 1248 352 1296 seu
363 1249 382 1296 e
393 1229 643 1315 scriptoribus,
660 1229 751 1297 tales
764 1227 991 1314 intelligendi
1000 1232 1093 1311 sunt,
1110 1228 1173 1316 qui
1182 1225 1338 1313 σπονδάς,

157 1340 257 1428 quod
273 1343 328 1409 est
341 1338 457 1421 foedus
471 1339 531 1407 vel
545 1341 665 1426 potius
679 1342 833 1422 ιἰιδιιλλοο,
849 1341 1056 1412 civitatibus
1075 1339 1271 1424 indicant2)
1280 1343 1338 1408 'ta-

158 1472 246 1518 men
253 1472 320 1539 pro
330 1454 427 1520 certo
436 1450 647 1522 habendum
657 1454 719 1535 est,
730 1449 787 1518 his
802 1452 841 1518 in
851 1451 1087 1519 sollemnibus
1103 1445 1260 1535 σπονδάς,
1274 1455 1296 1520 1,
1308 1474 1337 1520 e.

157 1561 359 1646 libationes
382 1561 620 1630 effundendas
641 1562 762 1629 fuisse.
786 1599 828 1606 ——
850 1554 1079 1646 Σπονδοφόροι
1106 1582 1191 1630 cum
1213 1562 1338 1632 multis

158 1673 260 1758 locis,
282 1677 322 1741 ut
334 1672 498 1760 DelphiS,
520 1672 691 1744 Eleusine
713 1676 792 1739 tum
808 1671 997 1760 Olympiae
1018 1674 1266 1755 inveniuntur3
1290 1675 1338 1744 ad

159 1804 271 1872 quam
279 1783 695 1872 Pausaniasspectat(V.
707 1789 753 1851 15.
769 1785 832 1867 10),
844 1785 908 1852 ubi
917 1785 1065 1872 antiquo
1075 1783 1175 1852 cultu
1183 1787 1337 1852 tractato

161 1895 206 1963 de
227 1896 463 1964 libationibus
486 1897 601 1964 verba
621 1895 726 1976 facit,
758 1898 851 1962 tum:
883 1892 974 1975 μέλει
1006 1891 1051 1977 δέ,
1083 1896 1210 1981 inquit,
1237 1889 1279 1957 τό
1305 1891 1338 1970 ἐς

157 2001 283 2082 θυσίας
308 2000 458 2091 θεηκόλῳ
487 2028 535 2090 τε,
567 1994 602 2081 ὃς
628 2001 687 2068 ἐντὶ
713 2001 790 2091 μηνὶ
817 1997 944 2089 ἑκάστῳ
972 2005 1028 2090 τὴν
1049 2005 1145 2090 τιμὴν
1171 1999 1247 2084 ἔχει,
1279 2003 1336 2068 καὶ

156 2111 291 2199 μάντεσι
319 2115 376 2182 καὶ
404 2110 658 2202 σπονδοφόροις,
690 2111 739 2180 ἔτι
767 2113 803 2184 δὲ
829 2111 964 2203 ἐξηγητῇ
990 2113 1105 2180 τεκαὶ
1131 2114 1253 2203 αὐλητῇ
1279 2114 1337 2182 καὶ

158 2229 205 2312 τῷ
220 2228 315 2306 ξολοῖ.
339 2228 387 2296 Et
401 2227 458 2296 his
474 2251 493 2295 e
509 2229 630 2296 verbis
646 2228 805 2300 dilucide
822 2231 980 2315 apparet,
1005 2220 1249 2312 σπονδοφόρους
1263 2247 1337 2295 non

158 2344 231 2407 tam
247 2359 444 2426 praecones
459 2339 579 2422 fuisse,
603 2359 714 2426 quam
728 2339 877 2421 fetiales
897 2340 960 2426 qui
975 2339 1154 2407 sacrificio
1170 2338 1337 2419 aderant3

157 2454 192 2518 et
207 2471 251 2518 ex
261 2452 305 2518 iis
320 2451 444 2533 titulis,
460 2450 523 2537 qui
539 2450 584 2517 de
598 2451 872 2536 magistratibus
888 2470 932 2518 ac
947 2450 1197 2518 sacerdotibus
1213 2451 1338 2537 scripti

158 2563 262 2630 nobis
285 2561 419 2628 servati
443 2564 540 2645 sunt,
564 2561 627 2630 ubi
649 2555 877 2646 σπονδοφόρος
900 2564 1134 2630 enumeratur
1156 2581 1231 2628 una
1253 2581 1338 2628 curn

158 2666 282 2754 ἐνσίτηι.
315 2709 356 2716 -
391 2670 441 2754 (O.
472 2672 494 2740 i.
518 2691 570 2756 gr.
597 2675 687 2738 1249.
715 2672 820 2754 1253).
866 2671 939 2741 Sed
969 2672 1118 2741 firmum
1145 2691 1338 2758 argumen-

158 2785 235 2850 tum
266 2803 310 2850 ex
341 2783 606 2870 inscriptione³)
637 2782 820 2865 hauritur,
851 2784 890 2852 in
912 2803 986 2872 qua
1008 2782 1053 2850 de
1076 2784 1337 2869 epigrammate

158 2894 392 2972 constitutum
418 2897 473 2960 est
503 2893 684 2961 sacerdoti
712 2894 898 2961 attributo:
936 2881 1123 2978 [Εὐβίοτος]
1151 2891 1338 2980 Δημογένοο

160 2998 258 3094 ἱερεὺς
294 2992 459 3088 γενόμενος
488 3002 546 3067 καὶ
576 3001 767 3090 Δημογένης
798 2997 974 3090 Εό[βιότοο
1011 3004 1339 3092 σντ[ο]νό[οφ]ορήσας

155 3102 355 3199 Ἀμφιαράῳ
390 3112 454 3207 ,καὶ
488 3104 623 3202 Ὑριείρ.
673 3115 771 3183 Nam
807 3115 864 3188 his
902 3117 1022 3185 verbis
1060 3116 1337 3199 demonstratur,

156 3225 405 3312 Demogenem
426 3227 530 3294 illum
552 3227 677 3310 fuisse,
706 3229 768 3314 qui
790 3227 1017 3315 Amphiarao
1038 3227 1143 3296 heroi
1164 3233 1199 3296 et
1222 3227 1339 3298 Saluti

156 3336 331 3404 libamina
354 3337 571 3405 effundebat.
596 3375 635 3382 -

241 3447 322 3517 Iam
344 3467 431 3515 vero
459 3447 529 3515 alio
552 3448 662 3514 modo
688 3449 886 3516 translatae
908 3450 1143 3517 inveniuntur
1164 3468 1272 3518 voces
1294 3449 1337 3516 li-

156 3558 270 3625 bandi
291 3578 407 3645 neque
429 3559 503 3625 iam
527 3579 572 3625 ex
592 3559 673 3645 ipsa
700 3558 874 3644 religione
895 3559 1056 3628 haustae.
1103 3560 1218 3651 Saepe
1240 3562 1338 3628 enim

157 3671 429 3760 apparentiam
450 3670 488 3736 in
511 3668 663 3737 Homeri
685 3670 908 3738 canninibus
931 3691 1038 3740 voces
1061 3663 1186 3756 δάκρυα
1209 3666 1336 3753 λείβειν,

156 3781 194 3847 in
222 3780 354 3868 quibus
382 3781 437 3848 vis
459 3785 493 3847 et
519 3781 618 3848 notio
645 3780 816 3848 vocabuli
838 3781 1019 3861 effundendi
1042 3803 1168 3866 paucos
1196 3786 1336 3868 portasi)

245 3948 264 4014 ¹)
282 3948 322 4002 De
340 3949 382 4003 his
400 3952 478 4004 rebus
489 3950 572 4009 Diels,
585 3952 625 4004 vir
637 3951 813 4017 doctissimus,
831 3951 922 4007 docere
940 3952 1007 4006 solet
1023 3953 1050 4005 iu
1062 3953 1220 4006 lectionibus
1237 3953 1337 4007 habitis

156 4035 189 4083 de
207 4034 336 4099 retiqione
354 4039 380 4086 et
396 4035 553 4102 mythologie
573 4034 742 4091 Graecorum.

242 4119 263 4183 ²)
281 4118 320 4173 Cf.
338 4119 541 4189 Dittenberger:
561 4121 702 4180 „Hermes“
723 4121 781 4176 XX.
800 4139 824 4192 p.
843 4122 884 4176 29.

243 4203 264 4268 ³)
282 4204 468 4274 Inscriptioues
487 4204 610 4272 Graecae,
628 4206 780 4275 Megaridia
799 4207 931 4273 Boeotiae,
951 4207 1063 4278 Oropire
1085 4209 1125 4262 ed.
1148 4207 1336 4276 Dittenberger

161 4289 245 4343 Berol.
266 4289 340 4343 1892.
358 4307 382 4360 p.
404 4290 496 4344 13011.
515 4291 574 4344 412.

242 4373 263 4442 4)
282 4374 319 4429 cf.
332 4373 448 4444 Hesych.
460 4393 482 4431 s,
495 4393 516 4428 v.
531 4376 629 4448 λεῖβον·
650 4374 773 4438 σπένδω,
793 4374 915 4444 στάζον.
935 4376 972 4432 Cf.
992 4377 1079 4446 Etym.
1099 4393 1187 4444 magn.
1208 4378 1267 4444 562,
1286 4377 1335 4432 30:

157 4456 236 4531 παρσῖ
257 4455 290 4516 τό
312 4463 401 4532 λεῖβον
419 4456 451 4515 τό
472 4458 689 4530 καταστάζω.
