3370 5196
767 462 978 522 „14-

281 652 320 716 in
335 651 482 736 pateras
497 647 720 730 infundatur,
743 650 784 712 ut
797 646 939 714 libetur.
964 644 1091 712 Altera
1106 647 1232 730 patera
1247 643 1325 725 (ΙΙΙ.
1341 663 1374 730 p.
1392 645 1464 710 783.

282 759 343 846 fig.
361 760 435 840 550)
451 758 680 826 Athenarum
699 759 738 825 in
755 755 938 824 Varvaoio
954 756 1111 837 condita,
1130 755 1187 824 bis
1204 755 1292 822 deae
1308 755 1467 822 continet

280 871 540 954 simulacrum,
572 870 631 938 cui
663 869 776 937 altero
807 868 887 936 loco
914 868 956 935 fit
976 867 1118 950 libatio,
1150 867 1263 934 altero
1294 867 1375 953 ipsa
1397 866 1466 933 dea

282 985 447 1068 pateram
468 1001 581 1048 manu
603 982 713 1062 tenet3
737 1000 808 1066 quo
833 978 877 1045 de
899 982 1004 1063 gestu
1023 982 1148 1064 postea
1170 978 1357 1060 disseram,
1381 997 1465 1044 cum

284 1093 406 1160 dicam
428 1092 473 1158 de
495 1089 636 1158 Xanthi
658 1092 900 1157 monumento.

370 1202 537 1289 Denique
559 1222 605 1269 ne
624 1201 769 1286 longius
785 1199 971 1285 digrediar
993 1202 1076 1266 ante
1092 1198 1216 1267 oculos
1238 1218 1373 1285 ponam
1394 1197 1467 1265 He-

285 1313 462 1381 thitorum
483 1312 615 1400 pilam,
628 1311 655 1394 ¹)
676 1311 716 1378 in
738 1331 811 1398 qua
832 1309 940 1378 homo
965 1312 1127 1377 armabis
1155 1310 1236 1393 deo,
1269 1311 1331 1396 qui
1353 1309 1467 1377 multo

285 1425 403 1492 maior
424 1424 530 1491 fictus
553 1425 620 1506 est,
652 1422 864 1489 libationem
887 1421 1003 1503 offert,
1035 1421 1226 1488 vasculum
1248 1439 1468 1507 propensum

284 1539 422 1602 tenens.

375 1643 514 1726 Quibus
530 1646 639 1713 rebus
655 1644 813 1711 breviter
829 1643 1008 1729 expositis
1030 1643 1117 1709 satis
1133 1661 1312 1729 superque
1328 1642 1469 1709 elucere

283 1777 435 1840 censeo,
466 1756 678 1823 libationem
701 1755 799 1841 apud
826 1773 888 1822 eas
911 1757 1050 1838 gentes
1077 1775 1170 1842 quae
1198 1755 1470 1841 antiquissimae

287 1867 336 1935 ad
359 1866 524 1934 altiorem
556 1865 739 1952 quendam
766 1864 884 1932 cultus
910 1864 1069 1949 gradum
1090 1867 1356 1952 processerunt,
1383 1866 1471 1951 ipsis

287 1979 416 2065 primis
439 1977 661 2064 temporibus
677 1975 855 2043 exstitisse
879 1978 986 2062 atque
1001 1976 1062 2059 ita,
1085 1978 1126 2042 ut
1148 1977 1357 2061 saepissime
1379 1975 1472 2044 liba·

288 2089 424 2157 tionem
447 2087 706 2162 caerimoniam
730 2086 846 2153 solam
868 2087 1106 2154 inveniamus

851 2549 911 2629 ΙΙ.

380 2735 476 2818 Quid
507 2738 553 2803 sit
584 2737 806 2805 sacrificium
836 2737 1045 2806 hominibus
1077 2741 1112 2805 et
1144 2738 1220 2805 deis
1252 2737 1293 2804 E.
1328 2735 1474 2804 Curtius

288 2849 459 2915 distincte
491 2868 534 2914 ac
561 2848 747 2934 praeclare
775 2849 993 2934 exposuit32)
1021 2850 1124 2916 cuius
1152 2849 1266 2916 verba
1289 2849 1476 2935 aptissima

293 2960 477 3041 videntur,
501 2978 593 3045 quae
616 2957 788 3026 hocloco
817 2959 1086 3026 adscribantur:
1124 2961 1189 3026 Die
1217 2961 1327 3025 beiden
1348 2965 1476 3026 mesent-

294 3071 423 3135 tr‘cbsteu
447 3071 598 3150 Formae,
625 3077 719 3134 anter
749 3071 847 3135 deoru
876 3072 925 3136 dte
948 3072 1179 3154 Frdmmipter't
1205 3072 1261 3137 der
1287 3072 1385 3136 Attea
1410 3069 1477 3136 sich

293 3180 478 3262 tctbdb'pte,
505 3181 579 3244 siud
599 3181 656 3244 dos
682 3179 779 3262 Opser
800 3182 867 3244 und
887 3181 945 3246 das
976 3181 1224 3266 Wettpesotent.
1277 3181 1382 3247 Werm
1403 3182 1478 3247 ater

290 3293 350 3356 der
373 3291 578 3356 Uutersctr'ed
596 3292 700 3355 beider
720 3291 939 3374 pemctotpttct
961 3292 1057 3356 durio
1076 3299 1193 3375 pesetat
1211 3295 1300 3374 wird,
1323 3294 1398 3359 dass
1420 3294 1478 3358 dus

295 3404 364 3467 cirre
385 3403 476 3466 einen
498 3402 797 3484 cupeabttctticteo,
820 3403 878 3466 dus
901 3403 1015 3467 audere
1037 3405 1127 3468 einen
1150 3403 1331 3469 bteitendcu
1356 3402 1478 3469 Gaas

296 3513 370 3577 oder
401 3512 519 3577 Vortetl
541 3513 597 3577 der
623 3510 766 3578 Gotrteu
788 3514 940 3578 bcswecte
963 3511 1020 3596 (K.
1045 3514 1104 3579 Fr.
1128 3515 1312 3580 Hermann:
1352 3513 1477 3581 (101113-

297 3623 420 3688 dicasti.
436 3623 552 3688 Alteri.
573 3621 671 3706 §25)‚
693 3643 727 3688 so
749 3625 871 3689 sobriat
885 3626 968 3689 diosc
990 3623 1258 3709 Uutcrsctctdoap
1278 3626 1338 3690 deu
1351 3625 1478 3704 Haupt·

291 3733 396 3814 pontt
423 3734 510 3798 nicht
534 3755 575 3798 aa
606 3733 725 3812 treffco.
769 3734 842 3798 Dus
873 3732 977 3817 Opfer
1006 3736 1149 3800 sobtiesst
1177 3736 1244 3802 sict
1274 3738 1333 3801 urit
1362 3739 1478 3802 sanem

165 3870 168 3890 ¹
298 3843 430 3927 Beprtff
460 3866 503 3908 au
539 3846 597 3908 dus
627 3845 723 3908 Matr
754 3865 809 3922 cru
849 3846 899 3910 dte
929 3846 1173 3928 Enruusseruap
1199 3868 1259 3911 voa
1295 3849 1392 3912 seiten
1424 3848 1477 3912 des

297 3953 468 4018 Meoscbeu
497 3956 540 4018 ist
566 3954 684 4020 ttcrbct
709 3955 909 4020 Nebeusocbe
939 3957 1008 4020 uod
1037 3957 1146 4021 atauo
1178 3959 1233 4021 der
1267 3955 1392 4022 Gentes
1423 3959 1478 4024 der

301 4062 455 4139 Gortuae
493 4065 542 4129 dte
576 4062 841 4130 Gemetosumtett
874 4066 1027 4130 rwtscteu
1057 4067 1189 4131 Meuscb
1221 4071 1288 4132 uod
1327 4066 1405 4133 Gott
1434 4071 1478 4134 ist

386 4248 405 4316 ¹)
423 4248 641 4318 Pcrrot-Chipiez.
659 4249 677 4303 l.
696 4267 717 4303 c.
736 4250 781 4302 IV.
799 4269 824 4320 p.
844 4251 901 4304 560.
920 4251 964 4319 fig.
983 4252 1041 4304 282.

385 4335 407 4398 ²)
424 4333 603 4387 Nuchrichten
630 4351 682 4386 von
711 4335 757 4387 der
775 4333 1189 4403 Gurg-Auguste-Universttet
1211 4339 1264 4392 und
1284 4339 1330 4392 der
1347 4339 1407 4407 Kgl.
1427 4337 1476 4394 Ge·

299 4419 439 4472 scllsohaft
457 4420 503 4472 der
520 4419 745 4472 wissenschaften
764 4438 795 4472 zu
814 4419 959 4488 Gottingae
978 4421 1052 4474 1861.
1071 4439 1095 4490 p.
1114 4421 1172 4475 361.
