3316 5200
746 353 935 454 ..1.-

260 575 387 643 Weisen
414 580 589 662 pepriesen,
625 579 740 656 domm,
777 601 794 644 0
825 579 962 662 Klnper,
999 581 1058 645 mit
1087 579 1223 645 Deinem
1253 581 1434 663 mdcttlpen

257 687 380 754 Gloriae
401 691 469 754 aad
487 692 627 774 poetasse
649 691 699 754 die
725 688 843 755 Gabea.

339 797 432 866 Cum
455 820 500 868 ex
526 800 571 867 iis
598 800 722 882 rebus,
752 820 842 887 quas
866 801 910 868 de
933 821 1021 868 voce
1043 803 1087 866 aa
1115 801 1284 884 diximus,
1311 804 1389 867 tum
1412 821 1434 867 e

251 909 418 996 plurimis
434 908 625 977 Vedarum
639 910 739 992 11111,
762 911 826 978 ubi
840 911 1035 978 traduntur
1057 911 1250 979 libationes
1266 911 1344 978 deis
1369 912 1432 979 ob-

251 1020 356 1103 latae,
373 1021 627 1088 coniciendum
642 1040 719 1088 esse
735 1025 832 1108 pute,
849 1022 1110 1108 antiquissimis
1120 1021 1193 1088 illis
1208 1022 1435 1107 temporibus

252 1136 286 1198 et
309 1131 550 1199 creberrimas
572 1131 684 1199 fuisse
706 1131 898 1199 libationes
921 1136 956 1199 et
970 1133 1119 1219 priores
1143 1153 1254 1218 quam
1269 1133 1432 1200 victima-

251 1262 335 1308 rum
356 1242 545 1310 sacrificia.
592 1240 673 1322 Qua
699 1262 739 1310 re
765 1243 963 1311 invitamur
985 1246 1025 1309 ut
1048 1262 1281 1329 quaeramus,
1313 1262 1434 1309 nonne

250 1353 289 1418 in
313 1350 539 1419 Graecorum
562 1373 705 1440 qnoque
728 1353 903 1438 religione
918 1354 1072 1439 vestigia
1090 1349 1332 1436 inveniantur,
1356 1354 1434 1439 qui-

250 1463 320 1530 bus
351 1463 539 1549 probetur,
570 1464 782 1531 libationem
814 1483 888 1530 non
912 1499 950 1510 -
978 1468 1019 1531 ut
1046 1463 1166 1531 adhuc
1188 1464 1264 1531 fere
1292 1484 1437 1551 semper

250 1577 460 1661 putatur-
485 1577 628 1660 partem
650 1574 709 1640 vel
732 1575 988 1660 compendium
1016 1575 1185 1643 sacrificii
1208 1577 1348 1642 cruenti
1368 1575 1435 1642 ha-

251 1685 411 1752 bendam
442 1704 533 1768 esse,
567 1685 631 1751 sed
661 1686 781 1771 potius
813 1687 996 1771 antiquius
1029 1687 1147 1753 cultus
1175 1705 1304 1771 genus,
1336 1687 1435 1774 quod

252 1801 378 1882 postea
409 1816 494 1862 cum
525 1796 681 1862 victimis
712 1797 909 1863 immolatis
941 1798 1210 1883 combustisque
1242 1797 1323 1864 aliis
1350 1817 1434 1865 con-

252 1908 416 1973 iunctum
425 1908 535 1973 ritum
544 1907 650 1973 illum
660 1907 784 1990 effecit,
804 1928 913 1994 quem
928 1908 1003 1974 iam
1017 1909 1056 1975 in
1066 1909 1289 1975 carminibus
1299 1907 1434 1976 Home-

254 2018 339 2084 ricis
361 2017 470 2104 plane
493 2017 677 2085 excultum
700 2019 916 2085 invenimus.
1474 2097 1476 2104 ,

337 2127 418 2195 Hoc
449 2129 529 2195 loco
557 2148 676 2214 pauca
706 2131 865 2197 inserere
896 2128 987 2195 mihi
1022 2129 1130 2196 liceat
1151 2129 1206 2197 de
1238 2129 1434 2197 verborum

255 2241 372 2326 copia,
406 2259 498 2325 quae
531 2239 578 2305 ad
600 2239 811 2306 libationem
834 2239 1114 2324 significandam
1140 2241 1387 2322 inveniuntur,
1415 2263 1437 2308 e
1500 2325 1502 2330 ,

253 2350 385 2438 quibus
418 2350 559 2417 elucere
591 2353 697 2436 puto,
733 2353 955 2436 quantopere
985 2351 1023 2416 in
1054 2369 1123 2416 usu
1159 2350 1267 2416 fuerit
1297 2351 1432 2418 libatio.

253 2461 402 2528 Praeter
429 2462 499 2526 tria
524 2461 590 2527 illa
615 2462 743 2541 verba,
776 2460 820 2527 de
852 2461 983 2548 quibus
1010 2463 1085 2527 iam
1113 2480 1224 2547 supra
1252 2461 1434 2547 disputavi

253 2570 389 2656 σπονδή,
414 2563 517 2656 torta,
539 2564 599 2656 χοή
623 2572 694 2638 (111
719 2570 947 2654 adhibentur,
970 2591 1064 2657 quae
1084 2569 1175 2637 nihil
1198 2570 1299 2638 aliud
1322 2572 1434 2638 conti-

252 2684 348 2764 nent,
371 2682 442 2748 nisi
464 2681 602 2749 fluendi
623 2683 806 2749 notionem
822 2677 959 2766 nqyaffl)
985 2685 1019 2749 et
1034 2676 1119 2765 ῥοαί,
1127 2683 1152 2762 ²)
1175 2702 1268 2768 quae
1287 2683 1433 2748 omnino

254 2793 510 2877 coniungenda
541 2796 625 2860 sunt
657 2813 741 2860 cum
769 2788 860 2875 χοαί,
893 2792 990 2879 quod
1019 2814 1093 2859 non
1125 2796 1267 2860 exstant
1298 2795 1368 2860 nisi
1396 2795 1434 2860 in

253 2903 426 2971 libatione
453 2903 639 2984 1111111113)
684 2903 782 2970 Nam
813 2903 882 2970 hac
909 2904 947 2970 in
975 2903 1208 2980 caerimonia,
1240 2907 1281 2970 ut
1310 2907 1436 2989 postea

253 3006 469 3097 videbimus,
486 3019 580 3081 totus
596 3015 726 3101 liquor,
743 3016 806 3101 qui
820 3015 858 3080 in
874 3015 1009 3100 pateris
1024 3016 1151 3096 inerat,
1174 3015 1212 3080 in
1228 3015 1436 3100 sepulcrum

255 3125 517 3208 effundebatur,
540 3128 581 3192 ut
602 3125 708 3192 facile
728 3126 841 3192 verba
863 3125 1000 3192 fluendi
1021 3126 1254 3211 quadrarent,
1276 3126 1316 3192 id
1338 3127 1437 3213 quod

254 3257 327 3303 non
348 3237 585 3304 conveniebat
600 3237 752 3304 deorum
768 3256 983 3322 superorum
998 3235 1243 3319 libationibus
1267 3237 1329 3303 ubi
1347 3257 1439 3323 pau-

254 3368 317 3414 cae
345 3351 468 3432 guttae
494 3348 820 3434 profundebantur,
848 3350 889 3412 ut
909 3348 1021 3414 verbo
1050 3343 1202 3410 σπένδειν
1224 3367 1436 3433 expressum

254 3462 315 3526 est.
365 3458 469 3526 Idem
492 3478 619 3526 sensus
651 3460 774 3526 subest
805 3460 887 3525 voci
915 3451 1051 3539 11111114)
1083 3478 1176 3545 quae
1208 3459 1356 3544 quidem
1388 3459 1435 3525 ad

255 3569 468 3637 libationem
490 3569 771 3654 significandam
793 3589 866 3636 non
889 3568 1082 3636 adhibetur
1105 3570 1176 3636 nisi
1190 3589 1341 3636 numero
1358 3569 1436 3656 plu-

344 3801 362 3864 ¹)
383 3799 421 3854 cf.
441 3800 561 3870 Sophocl.
579 3799 619 3852 ΕΙ.
639 3816 676 3860 vs,
696 3799 753 3852 895.

341 3904 363 3967 ²)
382 3901 420 3957 Cf.
439 3903 557 3972 Euripid.
576 3903 636 3956 Hel.
655 3919 692 3955 vs.
713 3901 786 3955 1587.

341 4005 363 4071 ³)
381 4005 480 4074 Negari
498 4023 549 4059 non
566 4008 663 4076 potest,
681 4021 769 4058 vocem
785 4005 853 4074 χοαί
866 4022 968 4074 quoque
986 3975 1105 4059 adhiberi
1123 4006 1156 4059 ad
1175 4006 1253 4058 aliam
1272 4005 1438 4058 indicandam

255 4090 416 4153 libationem,
437 4108 466 4144 ac
483 4090 628 4157 funebrem,
647 4093 736 4143 tamen
754 4107 770 4143 a
787 4088 894 4143 Graecis
908 4090 986 4157 vulgo
1004 4091 1167 4145 intellectam
1185 4107 1241 4144 esse
1259 4107 1317 4142 eam
1335 4089 1440 4143 libatio-

255 4192 328 4237 nem,
353 4192 419 4245 qnae
438 4176 569 4229 defunctis
587 4175 682 4236 fiebat,
702 4176 754 4228 iam
772 4176 941 4244 antiquorum
965 4176 1116 4230 testimonia
1137 4177 1257 4244 probant.
1293 4174 1332 4230 cf,
1352 4175 1439 4229 Schol.

255 4261 333 4315 Hom.
352 4259 401 4316 Od.
420 4282 445 4316 κ,
464 4260 523 4327 518,
542 4264 567 4314 λ.
586 4261 626 4314 26.
646 4261 740 4314 Eusth.
759 4262 801 4314 ad.
820 4259 868 4316 Od.
888 4278 911 4314 x.
931 4261 981 4315 518
1000 4262 1041 4315 ad.
1060 4261 1091 4314 ll.
1115 4263 1148 4314 Ψ.
1167 4261 1225 4313 220.

342 4367 363 4426 l)
383 4363 422 4418 Cf.
440 4363 528 4432 Apoll.
546 4364 631 4417 Rhod.
651 4365 713 4430 Arg.
733 4364 754 4428 I,
774 4364 847 4417 1075.
868 4361 950 4434 Orph.
968 4364 1032 4432 Arg.
1051 4365 1109 4418 571.
1128 4365 1199 4418 Ρ111
1226 4364 1271 4422 IX,
1292 4364 1331 4415 17.
1350 4365 1375 4415 4.
