3316 5200
806 511 1019 574 -χὸ-

322 693 432 761 modo
455 693 714 780 explicandum
736 697 803 776 est,
827 714 1051 781 quamquam
1072 696 1110 762 in
1132 696 1219 764 Eur.
1242 695 1427 765 Heraclid.
1452 717 1509 766 vs.

324 807 417 872 1040.
442 803 698 872 discernuntur
719 799 796 884 χοαί
818 809 854 872 et
876 793 976 886 αἷμαι
1003 792 1088 868 άλλά
1110 799 1195 892 μήτε
1214 829 1273 888 μοι
1293 802 1373 887 χοάς
1389 813 1397 886 l
1416 797 1509 894 μήθ’

322 903 399 996 αἷμ’
428 901 541 998 ε’άσητ’
570 909 618 990 εἰς
645 909 722 996 ἐμὸν
748 908 867 992 στάξαι
895 909 1010 1000 τάφον.
1053 916 1152 986 Nam
1178 912 1255 996 χοαί
1279 920 1513 988 vocabantur

321 1024 407 1092 illae
422 1025 624 1109 libationes
649 1047 742 1113 quae
758 1047 777 1093 e
792 1027 909 1109 melle,
932 1027 1036 1108 lacte,
1059 1029 1155 1111 vino,
1180 1029 1258 1096 oleo
1276 1031 1511 1114 constabant3

321 1135 388 1202 sed
418 1137 634 1220 sanguinem
664 1136 792 1203 eodem
818 1137 927 1204 modo
954 1156 1033 1205 esse
1060 1137 1238 1222 oblatum,
1269 1141 1345 1207 iam
1374 1142 1513 1227 probat

322 1245 510 1332 Euripidis
532 1246 671 1314 Hecub.
696 1267 747 1314 vs.
775 1252 848 1313 127:
881 1241 937 1310 τὸν
961 1234 1143 1326 Ἀχίλλειον
1172 1242 1295 1331 τύμβον
1326 1253 1513 1336 στεφανοῦν

321 1354 442 1437 αἵματι
463 1355 585 1440 χλωρῷ.
630 1357 728 1424 Nam
750 1358 810 1425 hio
834 1359 983 1443 sanguis
1007 1359 1310 1428 circumfunditur
1328 1362 1511 1449 sepulcro,

322 1471 363 1534 ut
391 1467 483 1535 aliae
509 1467 594 1535 illae
618 1468 819 1536 libationes.
867 1467 940 1538 Sed
970 1473 1087 1537 exstat
1118 1491 1262 1558 quoque
1292 1472 1410 1556 locus,
1441 1475 1513 1542 ubi

323 1579 473 1663 sanguis
497 1579 543 1646 ab
566 1580 611 1645 iis
633 1579 882 1663 libationibus,
915 1601 1008 1667 quae
1034 1581 1204 1649 dicuntur
1229 1578 1307 1660 χοαί
1334 1603 1408 1650 non
1433 1585 1512 1652 dis-

324 1693 501 1756 cernatur.
548 1688 600 1757 of.
625 1689 709 1756 Eur.
734 1690 868 1758 Phoen.
893 1710 945 1757 vs.
970 1694 1032 1758 933
1055 1711 1136 1778 sqq:

528 1832 578 1897 δεῖ
599 1827 691 1898 τάνδε
713 1828 895 1915 θαλάμαις,
920 1819 957 1899 οὗ
979 1829 1108 1919 δρακών
1130 1825 1147 1899 ὃ
1171 1832 1302 1922 γηγενὴς

527 1940 650 2027 ἐγένετο
673 1940 795 2031 Δίρκης
818 1939 971 2026 ναμάτων
992 1941 1180 2023 ἐπίσκοπος

529 2052 696 2140 σφαγέντα
718 2048 832 2142 φόνιον
855 2045 940 2136 αἷμα
963 2057 1003 2143 γῇ
1028 2057 1140 2121 δοῦναι
1161 2052 1241 2137 χοάς

528 2159 666 2246 Κάδμον
688 2166 847 2229 παλαιῶν
864 2157 980 2251 ’Ἀρεος
1001 2164 1038 2230 ἑκ
1058 2162 1251 2254 μηνιμάτων
1294 2168 1362 2233 κτλ.

409 2311 500 2377 'lum
522 2311 565 2378 cf.
590 2311 754 2378 eiusdem
774 2312 921 2380 fabulae
945 2332 1071 2381 versus
1099 2315 1179 2380 1575
1196 2333 1278 2401 sqq:
1302 2313 1443 2394 αἳματος

632 2447 694 2542 ἤδη
718 2451 846 2541 ψυχράν
868 2453 985 2541 λοιβὰν
1007 2453 1151 2544 φοινίαν,

634 2557 675 2630 dv
697 2558 786 2648 ἔλαχ’
810 2569 935 2648 Αίδας,
958 2559 1075 2634 ὤπασε
1095 2558 1125 2634 δ’
1144 2559 1257 2657 Ἄρης.

410 2712 576 2800 Denique
604 2715 837 2782 statuendum
864 2719 930 2798 est,
962 2719 1189 2782 mortuorum
1214 2716 1355 2782 animas
1379 2714 1511 2782 eodem

324 2823 434 2890 modo
458 2806 510 2891 uti
534 2827 720 2910 sanguine,
745 2846 788 2893 ac
809 2826 928 2909 melle,
950 2825 1053 2909 lacte,
1078 2828 1173 2908 vino,
1197 2826 1285 2893 oleo.

412 2936 532 3021 Atque
563 2955 661 3002 nunc
692 2937 739 3003 ad
767 2957 848 3003 eam
876 2936 1093 3003 accedamus
1125 2937 1386 3023 quaestionem,
1418 2937 1512 3023 quid

325 3045 442 3127 fuerit,
468 3065 532 3112 cur
554 3047 706 3113 mortuis
728 3047 920 3115 libationes
943 3047 1077 3114 effusae
1100 3047 1180 3114 sint.
1220 3045 1339 3126 Quam
1359 3045 1511 3114 adrem

327 3156 582 3242 explicandam
603 3156 710 3223 multi
732 3159 950 3244 scriptorum
971 3157 1043 3225 loci
1061 3158 1300 3244 suppeditant.
1338 3157 1510 3224 Dilucide

326 3265 526 3349 Lucienus,
555 3288 626 3353 quo
652 3268 761 3335 modo
784 3271 1011 3335 mortuorum
1033 3268 1224 3335 libationes
1251 3266 1510 3353 intelligendae

328 3378 413 3459 sint,
441 3377 592 3460 indicat,
620 3399 703 3446 cum
729 3382 901 3459 narrat:¹)
933 3375 990 3441 καί
1014 3373 1060 3454 εἰς
1085 3372 1127 3441 τά
1152 3366 1317 3462 ὀρύγματα
1342 3368 1428 3441 οἶνον
1449 3375 1511 3440 καὶ

326 3481 523 3571 μελίκρατον
545 3482 721 3567 ἐκχέουσιν·
749 3481 994 3554 πεπιστεύκασι
1016 3484 1076 3565 τάς
1100 3483 1207 3572 ψυχάς
1230 3477 1511 3570 ἀναπεμπομένας

327 3591 477 3662 κάτωθεν
503 3594 613 3662 πίνειν
641 3588 713 3662 α’πὸ
739 3612 804 3663 τῶν
830 3598 963 3682 βάθρων
989 3594 1025 3664 τὸ
1052 3595 1253 3680 μελίκρατον,
1304 3600 1407 3667 Idem
1433 3601 1509 3666 iam

328 3730 372 3776 ex
387 3709 540 3777 Homeri
556 3708 740 3797 Odysseae
757 3713 917 3778 carmine
932 3711 1125 3778 undecimo
1147 3711 1401 3793 intelleximus
1425 3731 1510 3778 cum

328 3822 471 3888 animae
494 3819 727 3889 vehementer
748 3822 934 3907 ingressae
956 3824 993 3889 in
1016 3822 1152 3889 fossam
1173 3823 1237 3888 vix
1258 3822 1406 3888 retineri
1426 3841 1510 3907 pos-

328 3935 425 4014 sunt,
457 3934 498 3998 ut
528 3933 659 3999 cedant
680 3931 846 3999 Tiresiae.
891 3933 975 3999 Alio
1008 3952 1151 4020 quoque
1181 3933 1262 3999 loeo
1291 3931 1509 4012 Lucienus‘2)

329 4043 373 4108 de
395 4042 466 4110 hac
488 4062 528 4109 re
549 4042 659 4110 refert
680 4042 783 4111 haec:
808 4037 844 4105 ui
870 4040 973 4124 ψυχαί
995 4040 1169 4127 τρέφονται
1192 4045 1268 4119 ταῖς
1287 4044 1391 4122 χοαῖς.
1437 4040 1511 4111 Sed

327 4172 401 4219 non
425 4154 543 4220 solum
566 4153 636 4220 hoc
658 4159 804 4221 auctore
820 4155 887 4221 niti
902 4157 1050 4240 oportet,
1074 4156 1247 4240 quoniam
1263 4175 1308 4222 ex
1322 4154 1509 4240 Euripidis

419 4375 439 4439 ¹)
459 4373 536 4429 Char.
555 4392 611 4444 cap.
629 4375 672 4429 22.

419 4477 440 4541 ²)
458 4476 490 4530 de
508 4476 583 4530 luctu
601 4493 657 4546 cap.
676 4478 699 4530 9,
