3316 5200
775 351 988 414 ...34-

288 531 482 619 pellacem
497 529 652 621 σπονδήν.
690 537 908 604 Accuratius
930 557 997 604 nos
1017 537 1122 604 docet
1137 536 1376 625 Sophocles,¹)
1400 558 1469 625 quo

289 648 398 715 modo
420 647 571 715 fecerint
585 647 826 714 Athenienses
849 646 1026 714 libamina
1047 648 1239 715 furiarum:
1263 667 1360 734 aqua
1382 647 1470 714 hau-

287 759 450 826 riebatur
465 778 483 825 e
499 757 596 825 fonte
613 778 717 826 sacro
738 759 897 844 perenni,
921 778 1014 844 quae
1037 759 1075 825 in
1098 760 1236 825 cratero
1259 778 1342 826 cum
1365 759 1470 826 mello

287 870 404 936 mixta
430 888 473 936 ac
500 869 566 934 tris
588 867 693 934 humi
715 868 830 936 effusa
855 869 969 936 libata
992 873 1053 935 est.
1099 867 1167 935 His
1190 870 1301 952 igitur
1323 871 1361 936 in
1383 869 1470 937 furi-

289 999 394 1047 arum
417 978 605 1047 sacrificiis
629 978 701 1045 mel
717 999 800 1046 cum
817 998 913 1066 aqua
927 979 1083 1045 mixtum
1102 980 1295 1062 invenitur,
1318 980 1358 1046 id
1373 980 1470 1067 quod

288 1093 440 1158 vocatur
464 1083 671 1171 μελίκρατον;
706 1092 850 1176 praeter
880 1109 924 1156 ea
954 1090 1011 1157 lac
1039 1110 1183 1176 quoque
1214 1090 1287 1157 illis
1319 1090 1468 1172 libatur3

288 1221 361 1289 qua
397 1221 442 1267 ex
478 1222 518 1268 re
550 1200 680 1284 elucet,
718 1221 791 1266 non
827 1219 969 1288 semper
1000 1201 1146 1267 eosdem
1178 1199 1361 1267 adhibitos
1393 1220 1469 1268 esse

287 1311 461 1399 liquores,
489 1331 579 1398 quos
607 1311 839 1378 effundebant
870 1310 939 1377 diis
970 1309 1027 1377 his
1053 1309 1187 1377 inferis.
1233 1309 1306 1379 Sed
1334 1310 1469 1378 dehoc

287 1442 360 1488 uno
383 1422 506 1488 omnia
528 1422 734 1488 testimonia
756 1422 997 1504 consentiunt,
1021 1422 1148 1487 vinum
1170 1441 1359 1508 nunquam
1382 1421 1469 1487 alla-

287 1536 365 1599 tum
392 1552 478 1600 esse.
523 1531 640 1599 Nobis
666 1533 947 1619 inquirentibus,
979 1531 1161 1619 quomodo
1184 1530 1321 1598 factum
1344 1533 1404 1614 sit,
1430 1535 1470 1597 ut

287 1642 391 1710 furiis
413 1645 540 1709 vinum
561 1642 670 1710 libari
691 1663 765 1709 non
786 1644 938 1725 licuerit,
961 1643 1068 1711 facile
1091 1644 1248 1710 occurrit
1269 1642 1353 1710 hoo:
1380 1642 1469 1710 Illae

288 1753 388 1836 deae,
410 1774 504 1840 quae
527 1752 693 1820 crudeles
716 1753 814 1840 apud
836 1753 970 1820 inferos
993 1754 1247 1828 versabantur,
1271 1773 1345 1819 non
1368 1755 1470 1820 erant

287 1865 479 1952 participes
507 1865 678 1948 laetitiae,
711 1885 784 1951 qua
807 1865 865 1932 dei
902 1865 1024 1951 superi
1046 1884 1153 1951 saepe
1186 1862 1466 1931 delectabantur.

288 1973 367 2055 Quo
389 1975 514 2058 fiebat,
546 1980 686 2041 utnon
717 1976 858 2057 vinum,
891 1974 989 2061 quod
1020 1975 1153 2043 excitat
1179 1975 1334 2057 animoS,
1366 1973 1468 2041 furiis

288 2087 489 2169 offerretur,
512 2086 577 2153 sed
599 2086 690 2152 tales
706 2086 879 2172 liquoreS,
901 2087 965 2172 qui
986 2085 1127 2152 leniunt
1149 2086 1304 2168 animos,
1326 2087 1367 2152 ut
1388 2084 1468 2168 mol,

286 2197 354 2281 lac,
379 2197 507 2264 oleum.
554 2196 660 2277 Quod
691 2199 765 2264 iarn
789 2196 874 2264 hino
898 2200 1061 2283 apparet,
1093 2196 1192 2282 quod
1218 2195 1256 2262 hi
1277 2198 1384 2282 potus
1407 2215 1469 2260 vo·

287 2311 416 2375 cantur
438 2300 668 2389 pullypozoh
698 2328 816 2394 neque
839 2307 944 2374 aliter
973 2327 1054 2374 meo
1083 2307 1231 2393 quidem
1257 2306 1393 2373 iudicio
1415 2307 1469 2372 in·

286 2417 486 2503 telligenda
508 2421 592 2484 sunt
614 2417 803 2504 Sophoclis
827 2419 939 2484 verba
952 2420 983 2497 b:

852 2533 924 2609 ἀλλ’
950 2545 1004 2609 ἵνα
1026 2535 1104 2630 τῷδ’
1129 2541 1163 2608 ἐν
1185 2532 1220 2608 ἆ-

599 2652 755 2741 ‹palpata›
776 2651 821 2742 μὴ
846 2652 1017 2742 προπὲσῃς
1038 2649 1137 2719 νάπει

599 2760 750 2830 noreiam
771 2761 939 2849 aoidodpog
960 2753 998 2830 οὗ

485 2945 488 2952 ,
598 2873 720 2965 κρατὴρ
742 2873 910 2958 peraque
932 2878 1044 2941 πονῶν

599 2984 734 3074 ῥείματι
757 2987 927 3072 συντρέχει.

288 3120 351 3187 ubi
373 3119 533 3205 loquitur
559 3123 667 3204 poeta
689 3119 734 3185 de
763 3139 859 3205 aqua
880 3120 919 3185 in
941 3121 1079 3186 cratere
1107 3120 1222 3185 mixta
1249 3139 1334 3185 cum
1361 3117 1468 3185 melle

289 3230 346 3298 vel
367 3231 468 3296 lacte.
482 3233 505 3308 ⁴)

373 3340 445 3410 Sed
469 3341 667 3422 rideamne,
691 3361 762 3427 quo
784 3341 893 3407 modo
917 3362 954 3407 se
969 3341 1129 3408 habeant
1149 3341 1351 3423 libationes
1375 3361 1468 3428 quae

288 3453 566 3519 effundebantur
592 3452 852 3538 hinernosynae
875 3456 909 3524 et
935 3452 1061 3520 Musis.
1106 3452 1255 3520 Praeter
1278 3451 1468 3539 Sophoclis

288 3563 520 3630 scholiastarn
544 3566 579 3630 et
594 3562 742 3631 Suidarn
766 3563 838 3630 huc
859 3564 1018 3630 maxime
1038 3565 1192 3650 pertinet
1207 3562 1467 3646 PlutarclruS‚⁵)

288 3676 350 3760 qui
373 3674 487 3740 Musis
511 3667 657 3759 νηφάλια
681 3674 804 3741 obluta
826 3694 904 3741 esse
927 3675 997 3741 hoc
1020 3676 1128 3741 ruodo
1153 3675 1356 3741 confirmat:
1389 3662 1468 3736 ὅιαν

236 3849 241 3855 ,
287 3782 323 3847 δὲ
344 3785 488 3847 heroicos
512 3783 716 3847 συνέλθωσιν
736 3775 854 3864 ἄνδρες,
879 3784 967 3861 οἵοις
990 3774 1006 3848 ὅ
1030 3781 1229 3867 Περίανδρος
1251 3775 1337 3870 ἡμᾶς
1358 3807 1465 3867 παρα-

346 3955 349 3962 ,
375 3979 393 4048 ¹)
413 3980 469 4034 beo
496 3979 576 4035 Colon
603 3999 639 4032 vs.
656 3981 714 4033 422.
735 3998 790 4050 sqq.
839 4047 841 4054 γ

383 4066 446 4132 >Cf
470 4066 590 4133 Aeschyl.
611 4066 719 4118 Eurneu.
739 4084 775 4118 us¹
796 4066 853 4132 107,
872 4062 932 4119 alia.

371 4151 393 4218 ³)
412 4151 469 4206 Oed
497 4153 584 4205 Colon.
606 4152 682 4204 1567

372 4238 450 4296 4101.
471 4238 605 4305 Apollonii
625 4238 701 4290 Rhod
729 4238 780 4290 libr
807 4237 850 4290 IV.
871 4255 908 4290 vs.
928 4238 985 4291 712.
1005 4255 1061 4308 sqq.

313 4377 320 4392 .
374 4325 497 4390 ⁵)m01'al
526 4324 575 4377 156
602 4323 634 4377 D·
654 4329 735 4392 cept.
756 4339 803 4390 sap
831 4339 902 4375 conv.
923 4323 974 4385 13.)
