3316 5200
791 470 1001 534 -5g..

309 653 403 721 niter
413 654 620 721 incedentes
631 653 763 740 Apollo
780 653 959 722 citharam
969 657 1104 735 tenens,
1119 654 1250 736 Diana,
1268 673 1359 734 quae
1375 653 1495 721 facem

308 768 439 848 gestat,
463 763 604 831 Latona
627 768 767 852 sceptro
794 765 949 849 insignis
972 785 1057 832 arae
1086 766 1389 851 appropinquant,
1412 768 1495 851 post

307 895 416 956 quam
431 876 584 942 victoria
598 875 697 942 alata
712 877 879 958 constitit,
902 879 942 942 ut
957 875 1167 944 citharoedo
1183 875 1351 943 infundat
1365 875 1494 942 vinnm

308 1006 353 1053 ex
368 984 497 1053 hirnea
512 984 657 1053 sublata
676 987 686 1052 1
691 981 727 1048 ἐκ
748 982 887 1064 χαλκέας
909 975 1011 1070 ἄρδην
1033 979 1156 1069 πρόχου
1179 986 1287 1073 Soph.
1304 987 1389 1053 Ant.
1406 987 1493 1068 428).

307 1097 415 1164 Muro
442 1098 645 1164 seiunctum
671 1096 848 1183 templum
875 1096 1053 1164 columnis
1081 1095 1275 1164 Corinthiis
1303 1097 1495 1164 suffultum

309 1210 468 1294 apparet,
492 1207 588 1288 quod
603 1206 785 1293 Apollinis
808 1207 1019 1275 habendum
1042 1227 1119 1274 esse
1142 1210 1238 1275 recte
1253 1206 1384 1287 Jahn¹)
1409 1228 1494 1275 con-

307 1319 431 1386 tendit.
475 1317 650 1404 Tripus,²)
678 1318 736 1385 dei
763 1321 923 1400 statuali
950 1317 1120 1405 platanus
1128 1323 1150 1398 ⁴)
1177 1318 1301 1386 locum
1328 1318 1496 1386 indicant

309 1449 455 1496 sacrum
481 1449 595 1508 neque
623 1429 870 1496 coniecturam
900 1428 998 1496 illius
1021 1451 1053 1496 v.
1078 1429 1112 1496 d.
1137 1429 1372 1496 audaciorem
1395 1432 1494 1515 puto,

309 1541 369 1621 qui
391 1538 553 1626 Delphos
576 1558 654 1606 esse
676 1539 890 1624 cogitandos
917 1539 1038 1622 vult⁵l
1083 1539 1132 1606 Ut
1153 1539 1318 1615 vascula,
1349 1539 1394 1606 de
1418 1540 1495 1620 qui-

308 1652 376 1717 bus
405 1649 518 1716 verba
547 1648 626 1725 feci,
658 1650 709 1716 ita
740 1649 829 1716 haee
862 1670 1000 1730 quoque
1024 1649 1233 1736 anaglypha
1261 1649 1496 1717 anathemata

308 1760 419 1828 fuisse
441 1759 746 1828 verisimillimum
769 1765 830 1827 est.
869 1759 1009 1841 Quibus
1033 1760 1251 1847 anaglyphis
1274 1780 1495 1842 quamquam

309 1876 424 1939 artem
451 1872 689 1951 antiquiorem
715 1872 830 1938 multo
858 1872 1006 1939 demum
1032 1876 1114 1959 post
1139 1873 1342 1954 imitantur,
1370 1875 1495 1939 tamen

310 1982 464 2049 eandem
477 1981 627 2049 infuisse
643 1983 899 2066 cogitationem
914 2004 957 2050 ac
980 1983 1139 2050 vasculis
1163 1983 1277 2063 quinti
1299 2003 1330 2050 a.
1356 1981 1442 2050 Chr.
1458 2004 1492 2049 n.

311 2094 448 2161 saeculi
476 2112 650 2180 apparere
681 2113 825 2175 cense03
857 2094 928 2161 nisi
960 2094 1053 2175 quod
1078 2093 1242 2161 Victoria
1273 2094 1400 2162 addita
1432 2097 1494 2176 est,

312 2225 402 2284 quae
429 2224 495 2290 pro
518 2203 639 2270 Diana
661 2223 784 2271 sorore
811 2203 1022 2272 libationem
1045 2205 1236 2272 ministrat.
1283 2202 1364 2285 Qua
1387 2205 1433 2272 de
1456 2226 1495 2272 re

311 2335 423 2401 supra
445 2315 600 2382 disserui
621 2335 737 2394 neque
760 2334 850 2400 opus
878 2334 956 2382 esse
985 2317 1127 2401 opinor,
1150 2316 1357 2384 accuratius
1380 2315 1495 2402 expli-

310 2446 403 2507 care,
428 2426 536 2493 deam
551 2424 715 2492 hocloco
732 2445 810 2492 esse
825 2429 1135 2512 repraesentatam
1150 2429 1213 2492 aut
1228 2446 1320 2506 quae
1342 2427 1496 2494 victoria

310 2539 494 2624 reportata
515 2539 679 2616 pateram
701 2536 836 2622 implet,
859 2540 900 2603 ut
921 2537 1058 2621 gratias
1075 2540 1161 2621 agat
1182 2538 1299 2604 victor
1319 2541 1382 2603 aut
1404 2556 1494 2618 quae

311 2648 502 2715 victoriam
516 2646 677 2713 futuram
692 2647 838 2730 indicat,
854 2646 893 2713 id
909 2647 1005 2728 quod
1021 2667 1127 2733 saepe
1142 2648 1357 2715 invenimus.
1396 2646 1494 2714 nlud

310 2758 455 2842 quidem
478 2757 537 2824 hic
561 2757 841 2843 praeferendum
861 2761 924 2841 est,
948 2758 1104 2825 simodo
1129 2758 1362 2825 anathemata
1383 2759 1494 2826 fuisse

312 2870 402 2938 haec
425 2868 635 2956 anaglypha
660 2872 756 2936 recte
786 2872 907 2936 censet
927 2869 1044 2952 Jahn,
1067 2871 1282 2956 praesertim
1310 2890 1395 2936 cum
1423 2868 1495 2937 huc

309 2980 406 3047 trahi
443 2983 550 3060 queat
583 2978 675 3046 illud
713 2979 921 3062 vasculum,
960 2979 1056 3060 quod
1091 2979 1287 3047 delineavit
1322 2978 1496 3047 Panofka

311 3091 449 3172 (Museo
472 3089 604 3156 Blacas
626 3090 674 3157 tb.
698 3089 758 3171 1.),
781 3091 844 3157 ubi
867 3091 1019 3158 victoria
1044 3091 1148 3173 libat,
1176 3094 1217 3157 ut
1243 3091 1382 3176 gratias
1410 3095 1496 3176 agat

309 3203 463 3270 victoria
486 3201 532 3268 ab
555 3201 797 3268 Acamantide
819 3201 917 3268 tribu
940 3206 1053 3287 parta.
1071 3237 1111 3245 -
1130 3201 1178 3268 At
1200 3199 1295 3268 hanc
1319 3203 1495 3282 quaestio-

310 3333 392 3380 nem
415 3331 528 3392 neque
547 3311 594 3378 ad
619 3310 715 3378 hunc
732 3311 827 3378 diem
850 3331 935 3379 raro
952 3312 997 3378 ad
1022 3312 1200 3392 liquidum
1215 3311 1367 3398 perduci
1389 3331 1495 3398 posse

311 3443 423 3510 supra
444 3422 647 3510 patefacere
670 3427 821 3489 conatus
845 3441 934 3489 sum.

396 3534 495 3600 Inter
509 3533 575 3601 1111
593 3533 753 3616 vascula,
776 3534 815 3600 in
835 3533 965 3613 quibus
981 3533 1279 3600 consuetudinem
1294 3533 1495 3600 humanam

308 3646 347 3711 in
383 3645 470 3712 deos
505 3643 719 3711 translatam
756 3645 977 3727 invenimuS,
1010 3664 1054 3711 ea
1089 3664 1227 3725 quoque
1265 3645 1496 3712 numeranda

310 3759 403 3838 sunt,
427 3756 491 3823 ubi
514 3755 573 3822 dei
588 3753 747 3840 Olympii
763 3757 800 3820 in
823 3755 990 3822 convivio
1007 3758 1208 3821 versantur.
1246 3753 1329 3822 Huc
1351 3758 1495 3841 praeter

311 3867 433 3934 omnia
458 3865 498 3933 id
520 3868 658 3951 spectat
680 3863 885 3947 vasculum,
918 3864 1014 3945 quod
1040 3866 1162 3932 rubris
1188 3864 1317 3950 figuris
1344 3885 1367 3931 1
1390 3863 1495 3933 Sosia

315 3983 341 3986 -
402 4015 419 4076 ¹)
440 4010 544 4066 Griech.
563 4009 771 4064 Bilderchronilr.
791 4026 815 4078 p.
835 4009 869 4062 45
887 4025 943 4077 sqq.

395 4095 472 4162 2)(11.
492 4096 624 4149 Welokor:
661 4095 724 4148 Alte
742 4095 853 4147 Denlrm.
873 4092 907 4144 ll.
925 4093 963 4146 tb.
983 4095 1006 4146 2.

395 4185 417 4248 ³)
435 4183 473 4238 cf.
493 4182 639 4237 Overbeck:
661 4179 764 4234 Griech.
784 4179 955 4248 Kunstmyth.
993 4180 1066 4244 (Lief.
1087 4177 1119 4234 V.
1139 4181 1178 4233 11.
1198 4178 1270 4234 XXI.
1288 4196 1315 4233 n.
1334 4178 1374 4232 10.
1396 4179 1447 4246 12.)

397 4271 407 4301 ,
439 4269 472 4280 ..

395 4272 419 4419 5))
434 4268 508 4420 iiiia
520 4269 611 4423 1<ipii1io
630 4351 779 4420 anaglypho
797 4349 915 4405 eiusdem
934 4350 1030 4404 formae
1049 4349 1225 4413 confirmetur,
1247 4350 1276 4403 in
1298 4367 1350 4421 quo
1373 4368 1421 4420 pro
1448 4367 1493 4404 ara

308 4440 447 4510 omphalos
465 4438 606 4494 invenitur.
644 4439 681 4493 cf.
703 4434 846 4492 Overbeclr.
865 4437 881 4489 l.
902 4454 922 4488 o.
943 4453 966 4489 n.
988 4437 1027 4488 ll.
1066 4435 1104 4490 Cf.
1124 4435 1202 4492 Jahn.
1222 4437 1240 4491 l.
1258 4453 1280 4490 c.
1299 4452 1324 4506 p.
1344 4437 1387 4489 47.
