3316 5200
677 484 889 546 ..57-

196 667 287 734 centi
310 667 424 752 patris
447 666 597 734 domum
619 667 834 748 relinquenti
856 689 929 736 non
944 670 1049 750 servi,
1073 668 1137 736 sed
1155 687 1297 736 sorores
1312 667 1372 734 vel

194 779 309 843 mater
339 776 550 844 libationem
580 796 710 863 parare
742 777 916 845 solebant.
964 776 1064 858 Quae
1093 798 1178 845 cum
1206 779 1259 846 ita
1288 779 1370 860 sint,

194 890 364 970 statuam,
394 888 433 954 in
454 888 499 954 iis
522 887 631 955 rebus
654 887 840 971 humaniS,
869 909 958 969 quae
986 893 1070 956 sunt
1092 890 1272 974 gravioris
1294 909 1371 955 mo-

192 1000 318 1081 menti,
350 997 420 1065 hoc
449 999 681 1066 ministrandi
713 1018 847 1066 munus
879 1019 957 1066 esse
987 1001 1130 1086 pietatis
1153 999 1212 1066 vel
1234 999 1369 1066 amoris

191 1128 279 1194 erga
301 1129 395 1192 eum,
419 1111 479 1190 qui
500 1109 711 1176 libationem
732 1110 827 1178 facit.
867 1109 946 1191 Quo
964 1110 1083 1194 fiebat,
1106 1114 1234 1178 utnon
1255 1111 1370 1177 servis

191 1219 259 1288 hoc
276 1220 544 1303 concederetur,
567 1221 633 1289 sed
648 1222 709 1302 eis,
730 1222 859 1302 quibus
873 1241 981 1289 curae
997 1225 1075 1288 erat
1089 1223 1130 1304 ie,
1146 1223 1207 1302 qui
1220 1221 1368 1288 libabat.

190 1329 270 1398 Hoc
292 1330 403 1398 modo
430 1331 530 1399 aliud
558 1352 696 1412 quoque
719 1336 1036 1400 monumentorum
1059 1352 1173 1418 genus
1195 1333 1369 1419 interpre-

189 1441 344 1508 tandum
366 1461 443 1510 esse
459 1443 590 1526 iudico,
615 1443 710 1523 quod
725 1464 784 1510 me
799 1445 925 1530 paucis
947 1446 1186 1511 tractaturum
1209 1463 1287 1510 esse
1310 1463 1369 1510 su-

189 1572 257 1638 pra
278 1553 449 1621 indicavi.

275 1671 544 1759 Saepenumero
559 1675 794 1742 inveniuntur
809 1678 1053 1758 monumenta,
1076 1676 1115 1741 in
1130 1674 1259 1754 quibus
1275 1674 1369 1741 actio

189 1783 332 1850 libandi
352 1804 479 1870 pressa
500 1805 573 1851 non
595 1786 752 1867 videtur,
776 1805 995 1867 quamquam
1018 1786 1077 1853 dei
1099 1785 1158 1852 vel
1180 1785 1268 1852 deae
1291 1804 1368 1851 ma-

190 1895 297 1961 nibus
312 1897 435 1962 tenent
449 1898 602 1983 pateras.
639 1896 820 1963 Etalibus
843 1897 1085 1963 monumentis
1107 1894 1284 1962 nonnulla
1306 1895 1369 1962 eli-

190 2024 285 2088 gam,
311 2006 354 2073 de
377 2007 506 2086 quibus
529 2007 620 2074 mihi
634 2007 887 2074 disserendum
903 2010 965 2074 est.
1003 2006 1168 2075 Primum
1188 2007 1369 2092 inspicias,

191 2117 276 2196 quid
307 2117 513 2184 inveniatur
543 2119 582 2184 in
608 2119 757 2186 vasculo
785 2120 899 2204 nigris
930 2118 1058 2204 figuris
1085 2119 1242 2205 depicto,
1274 2117 1369 2197 quod

190 2229 387 2295 delineavit
409 2227 622 2309 Gerhard:¹)
662 2229 831 2296 Minerva
852 2231 890 2296 in
913 2229 1003 2296 solio
1027 2229 1166 2311 sedenS,
1191 2233 1287 2294 veste
1310 2227 1367 2294 Io-

189 2340 273 2407 nica
295 2339 474 2426 pallioque
489 2341 618 2408 induta
633 2343 780 2408 sinistra
792 2362 904 2408 manu
919 2342 1063 2426 galeam
1078 2343 1175 2408 tenet
1189 2343 1225 2406 et
1239 2339 1369 2406 dextra

188 2454 353 2536 pateram
383 2452 550 2538 porrigit,
581 2452 689 2519 hasta
727 2454 873 2520 sinistro
903 2452 1056 2519 humero
1090 2451 1270 2518 acclinata
1300 2451 1366 2530 est3

188 2561 299 2647 pedes
322 2563 360 2628 in
382 2562 490 2648 podio
513 2563 621 2648 positi
643 2566 736 2644 sunt,
759 2563 824 2630 ubi
846 2581 992 2649 serpens
1015 2562 1140 2646 surgit.
1181 2559 1224 2627 In
1247 2559 1369 2627 media

187 2674 290 2758 parte
323 2691 388 2738 ara
418 2676 535 2739 exstat
564 2673 723 2741 flammis
753 2675 924 2756 incensis,
955 2675 1037 2759 post
1063 2691 1171 2753 quam
1198 2671 1369 2738 columna

188 2782 325 2850 Dorica
347 2787 382 2850 et
404 2783 610 2870 epistylium
636 2784 812 2870 templum
838 2784 1009 2852 indicant.
1054 2784 1153 2851 Inter
1178 2782 1366 2849 Minervae

189 2897 346 2961 statuam
374 2931 413 2940 —
442 2915 528 2961 nam
560 2896 797 2963 simulacrum
827 2895 1105 2979 intelligendum
1135 2913 1227 2976 esse,
1258 2892 1367 2979 podio

187 3004 385 3086 habituque
408 3007 496 3073 deae
520 3007 758 3094 probatur-
785 3010 891 3087 atque
922 3027 1024 3074 arani
1056 3005 1187 3073 mulier
1218 3006 1368 3091 apparet

188 3115 299 3183 simili
325 3119 424 3184 veste
450 3117 578 3185 induta
601 3138 643 3185 ac
671 3117 754 3199 dea;
787 3138 877 3198 quae
907 3117 1036 3185 dextra
1066 3136 1212 3184 ramum
1241 3118 1366 3182 tenens

188 3229 373 3295 sinistram
395 3229 434 3294 in
457 3231 604 3295 taumm
625 3230 791 3316 porrigit,
824 3231 884 3309 qui
906 3249 929 3295 a
951 3229 1079 3297 dextra
1100 3227 1241 3296 vasculi
1264 3229 1366 3312 parte

189 3339 337 3406 accedit.
363 3377 402 3386 -
424 3339 595 3407 Dubitari
616 3360 691 3406 non
712 3344 838 3426 potest,
863 3341 948 3420 quin
966 3338 1035 3406 hoc
1051 3339 1131 3407 loco
1146 3336 1367 3405 sacrificium

188 3451 253 3517 fiat
274 3450 460 3519 Minervae
493 3454 574 3518 aute
606 3454 725 3538 ipsum
752 3452 842 3518 deae
869 3450 1114 3518 simulacrum.
1161 3447 1233 3517 Sed
1261 3447 1368 3514 deam

188 3563 305 3648 ipsam
328 3561 525 3628 libaturam
540 3581 618 3629 esse
640 3564 823 3630 neminem
839 3561 1063 3629 Graecorum
1080 3560 1257 3644 cogitasse
1273 3557 1366 3624 dilu-

189 3674 313 3740 cidum
340 3677 402 3740 est.
448 3673 646 3760 Complura
668 3677 811 3741 exstant
832 3673 996 3756 vascula,
1021 3675 1057 3740 in
1081 3671 1211 3752 quibus
1232 3669 1365 3756 Apollo

189 3784 298 3850 simili
319 3784 429 3851 modo
452 3785 643 3852 invenitur.
690 3784 742 3852 Of.
766 3788 931 3872 pateram
953 3785 1073 3851 rubris
1095 3783 1223 3867 figuris
1247 3781 1367 3867 depic-

189 3899 273 3979 tam,
297 3917 404 3976 quam
427 3897 576 3983 praebet
594 3897 640 3963 de
655 3895 815 3980 Wittezl)
848 3896 980 3983 Apollo
1002 3894 1187 3975 imberbiS,
1210 3892 1367 3959 seminu-

189 4007 272 4091 duS,
304 4007 460 4075 hederae
487 4028 623 4075 corona
650 4012 811 4091 ornatus,
842 4010 881 4075 in
904 4008 989 4075 sede
1011 4005 1234 4074 sollemniter
1256 4002 1365 4070 collo-

189 4123 291 4186 catus
314 4123 381 4202 est,
413 4120 561 4186 sinistra
585 4139 697 4185 manu
719 4119 838 4206 lyram
864 4122 1004 4202 tenens,
1037 4118 1165 4186 dextra
1194 4117 1364 4201 pateram.

276 4358 297 4420 ¹)
315 4357 446 4411 Auserles.
468 4354 580 4411 Vesonb.
599 4359 637 4412 tu
657 4359 716 4412 242.

275 4458 297 4527 2)
314 4459 384 4513 Elite
402 4460 496 4514 odram.
516 4460 548 4513 ll.
567 4463 605 4515 tb.
625 4460 672 4514 IV.
